2594 4514
441 410 691 458 wesarncrouu
715 411 808 456 nnn
1019 391 1064 455 ΟΨ

187 573 273 629 men,
288 553 558 649 Americenorum·
571 556 746 620 adventum
760 574 824 619 non
844 555 927 639 prins
946 555 1063 618 sentie-

186 665 273 742 bant,
289 686 386 748 quam
400 667 434 729 in
448 687 503 730 eos
515 687 535 730 e
549 669 643 753 copiis
658 669 805 733 colonicis
820 678 974 731 tormenta
994 666 1064 730 bel·

186 777 260 854 lica,
278 789 310 840 et
324 778 477 862 cujusque
492 781 614 860 generis
628 801 716 843 arma
737 781 897 863 ignivoma
912 781 1010 843 missa
1023 787 1065 869 ις

187 889 321 975 displosa
335 893 435 955 fuere.

195 1042 198 1047 ι
232 1003 305 1081 llli,¹
319 1013 437 1079 temen,
451 1003 587 1066 nominis
609 1003 782 1067 Britannici
795 1004 976 1087 virtutisque
997 1002 1064 1067 bel-

186 1113 254 1178 licre
261 1115 420 1199 *majorum
429 1115 520 1179 haud
530 1116 738 1192 immemores,
745 1116 861 1179 fortiter
870 1117 1064 1194 resilebant,

187 1237 231 1305 et,
245 1248 353 1291 eorum
370 1227 451 1291 duee
471 1229 584 1306 occiso,
606 1228 745 1311 plerique
763 1226 888 1304 milites,
904 1228 1065 1292 interiecto

186 1338 380 1424 imperatore,
404 1340 493 1405 haud
511 1341 579 1424 jam
601 1341 736 1425 amplius
758 1351 885 1417 certare,
906 1350 969 1402 aut
983 1341 1065 1402 ritus

186 1450 329 1515 hostium
346 1453 418 1516 telis
438 1454 595 1537 objectare
614 1453 769 1517 volebant.
817 1453 972 1528 Quocirca
995 1452 1066 1516 hos-

187 1562 269 1626 tium
284 1565 369 1628 mille
384 1550 452 1628 se'se
466 1565 710 1648 Weshingtonio
724 1587 765 1629 eo
775 1565 825 1628 die
842 1564 1037 1629 dediderunt.

197 1708 199 1713 ·
233 1677 305 1751 Quo
326 1677 430 1761 prrelio
450 1680 544 1755 iacto,
557 1698 610 1740 'res
632 1678 898 1742 Americancrum
920 1677 1011 1754 laetae,
1028 1697 1066 1740 ao

188 1808 258 1870 spes
270 1789 374 1852 multo
385 1789 552 1870 jucundior
564 1811 632 1851 esse
644 1799 815 1872 coeperunt.
863 1789 959 1852 Hisce
972 1788 1067 1872 copiis

189 1901 271 1981 regis
287 1894 461 1963 Britannici
476 1899 700 1976 conductitiis,⁸
715 1920 784 1981 quae
799 1900 927 1962 coloniis
942 1911 1068 1962 tantum

190 2016 295 2075 mettis
321 2011 539 2093 malorumque
563 2030 775 2094 saepenumero
801 2010 984 2086 intulerant,
1012 2021 1070 2072 eut

191 2125 304 2187 occisis
315 2135 372 2186 aut
387 2124 494 2208 captis,
506 2123 610 2186 omn-is
621 2124 707 2185 urbis
721 2122 872 2207 primariae
888 2119 1069 2185 amittendre

191 2252 299 2300 metus
309 2235 740 2321 proculaeolonis⁸amotus
785 2233 1070 2318 Necdeernntqui

82 2407 85 2415 .
191 2348 280 2414 hunc·
290 2361 357 2412 tam
367 2349 560 2433 insperatum
570 2369 752 2413 successum
762 2348 830 2412 Deo
839 2348 955 2432 optimc
965 2348 1071 2412 maxi·

191 2483 255 2541 mo,
270 2463 325 2546 qui
340 2465 423 2546 saepe
438 2462 579 2525 humiles
593 2462 683 2540 tollit,
698 2462 901 2546 insignesque
916 2461 1070 2546 deprimit,

193 2578 330 2639 tribuere·
343 2575 531 2639 dubitarent.

191 2724 194 2731 ·
237 2687 375 2751 Flumen
390 2686 559 2750 Delaware
565 2688 827 2770 Washingtonius
846 2688 963 2751 iterum
978 2687 1073 2770 treje-
1145 2732 1147 2734 -

195 2799 247 2876 cit,
258 2796 437 2877 reditusque
447 2798 481 2859 in
493 2799 625 2875 urbem,⁴
637 2796 711 2862 curn
723 2811 791 2862 tam
806 2799 916 2861 multis
932 2799 1072 2880 captivis

191 2910 352 2997 :gaudium
366 2909 478 2990 ingens
492 2929 547 2992 per
558 2930 666 2972 omnes
680 2911 803 2973 ordines
815 2909 940 2970 excivit.
986 2908 1074 2972 Tan-

197 3038 264 3090 tam
280 3034 499 3087 veteranorum
514 3041 646 3084 manum
660 3020 699 3085 de
715 3019 879 3104 improviso
894 3019 1074 3103 opprimere,

193 3237 197 3245 ·
229 3228 300 3286 rlllr',
312 3219 517 3287 “mysticae
526 3233 621 3282 enemy..

192 3349 196 3355 .
228 3313 242 3350 t
258 3303 414 3360 undenus,
432 3298 539 3359 “hired”
556 3312 583 3346 or
598 3297 779 3358 “mercedem”
796 3293 902 3358 alluding
916 3300 941 3343 to
955 3293 996 3344 the
1010 3293 1080 3343 Hes·

199 3382 272 3444 bns,
282 3381 336 3430 who
345 3393 408 3428 were
417 3374 507 3442 objectu
516 3372 544 3424 os
553 3373 669 3437 infinitely
678 3387 743 3422 mure
753 3369 835 3421 hctred
843 3378 868 3422 to
877 3371 917 3422 uo
926 3368 1076 3431 Ameriam,

200 3460 259 3514 thau
268 3460 308 3508 the
317 3456 411 3506 Britisla

231 3545 243 3580 r
261 3537 359 3596 Gamo,
375 3530 537 3594 “coloniam”
553 3529 607 3579 itis
622 3528 677 3578 here
691 3527 765 3578 taken
780 3527 806 3578 in
820 3527 855 3578 its-
866 3520 1082 3595 primeryorifl'ml

203 3614 330 3678 meaning5
345 3611 365 3661 lt
373 3611 425 3673 has,
434 3611 550 3670 however,
560 3608 627 3658 other
636 3605 802 3670 acceptarum

234 3699 247 3738 s
264 3684 620 3756 Urwinnueciquue
632 3680 802 3748 Philadelpho
