2594 4514
237 379 304 445 208
499 393 748 455 wnsurrtnromr
771 392 858 507 rryn.
915 460 922 481 )

236 540 373 619 alioecx
383 538 498 604 cerebri
508 548 566 602 aut
575 558 741 602 nervorum
751 520 952 601 turbdmcnto
961 530 1117 612 oriundos,

235 653 353 723 cortice
373 651 559 729 Peruviano,
572 650 727 715 mercurio
741 648 828 737 dulci
842 649 948 714 sexies
969 647 1119 713 sublima·

237 773 280 841 to,
296 763 427 845 aliisque
441 763 586 827 remediis
598 762 863 831 corroborantibus
874 781 986 829 sanare
1000 761 1119 846 primus

236 875 396 941 instituit¹

280 989 393 1052 Servos
407 1008 528 1066 omnes,
543 1008 630 1070 quos,
645 986 747 1065 vivus,
761 987 795 1049 in
810 986 961 1049 servitute
976 993 1121 1051 tenuerat

236 1096 512 1182 Washingtonius,
525 1112 625 1163 morte
637 1100 834 1174 imminente,
846 1097 988 1160 libertate
998 1097 1119 1173 donari,

196 1272 204 1287 ,
234 1219 269 1277 et
279 1231 381 1275 manu
390 1212 474 1275 mitti
485 1211 588 1294 jussit
627 1209 1120 1291 Testamento,cnim,suprcmo,

234 1343 341 1393 servos
354 1343 474 1399 omncs,
490 1332 560 1404 post
575 1320 680 1391 uxoris
695 1319 818 1387 dilecta
835 1329 980 1395 mertem,
995 1319 1119 1399 liberos,

234 1445 268 1499 et
280 1436 332 1499 sui
342 1435 421 1518 juris
436 1453 505 1497 esse
518 1431 627 1495 voluit
673 1431 795 1510 Virum,
805 1432 956 1495 libertatis
969 1442 1002 1494 et
1016 1451 1120 1513 requa-

234 1544 334 1610 litatis
349 1546 429 1610 adeo
444 1542 608 1627 cupidum,
623 1544 791 1609 mortalem
804 1544 909 1609 ullum
923 1544 957 1612 in
970 1544 1120 1609 servituto

234 1664 352 1733 tenere,
368 1655 550 1719 mirandum
565 1657 651 1721 ocrtd
665 1665 727 1721 eet.
767 1664 769 1667 ’

279 1768 444 1861 Attamen,
457 1788 576 1844 omnes,
587 1769 662 1844 ferd,
673 1767 849 1850 virginiam
856 1767 1042 1860 incolentes,
1055 1770 1122 1851 qud

234 1879 269 1947 in
288 1862 418 1946 aivitdta
441 1880 555 1964 degere
571 1880 999 1965 decrevitWaehingtonius,
1015 1900 1121 1946 servor

234 1993 435 2079 possidebant
448 2015 465 2071 ;·
482 1992 688 2070 consuetudo,
710 1988 829 2076 itaque,
853 2015 957 2058 servos
982 1992 1121 2057 habendi

218 2116 268 2170 'ct
283 2105 423 2183 tenendi,
439 2127 508 2188 quae
520 2105 622 2182 rebus,
634 2107 710 2183 ferd,
724 2106 758 2170 in
773 2107 931 2182 omnibus,
946 2106 1075 2170 domina
1089 2115 1122 2166 et

232 2219 392 2300 magistra
421 2221 507 2283 reate
536 2228 749 2301 nuncupatur,
776 2238 851 2281 curn
880 2217 1121 2298 Washingtonio

81 2347 123 2391 a..
233 2330 332 2406 facit,
349 2329 459 2405 nolim,
471 2339 591 2404 tamen,
605 2329 669 2392 istd
681 2329 722 2392 in·
732 2349 776 2404 re,
787 2349 862 2391 eum
877 2328 1006 2390 omnino
1019 2327 1120 2391 incul-

197 2519 199 2521 .
234 2418 350 2524 patum
365 2439 489 2529 dicere,
515 2442 594 2515 tam,
605 2439 689 2520 quie,
703 2439 784 2502 tanti
797 2439 856 2501 viri
871 2439 1056 2522 exemplum
1071 2460 1119 2502 se·

233 2561 326 2615 eutos
342 2546 501 2633 plurimos,
518 2530 621 2615 servos
635 2571 710 2614 suos
723 2550 756 2613 in
768 2550 945 2614 libertatem
960 2552 1118 2628 missuros,

232 2662 369 2727 minime
385 2662 598 2727 dubitandum
612 2671 680 2739 est;
699 2664 778 2739 tdm,
793 2663 880 2745 quia,
896 2663 1040 2727 homines
1052 2683 1120 2727 om-

232 2795 302 2853 nes,
314 2775 534 2860 cujuscunque
546 2775 608 2838 sint
621 2775 740 2852 coloris,
757 2778 873 2838 natura
888 2776 1028 2861 aequales
1041 2797 1118 2853 esee,

234 2888 387 2953 facillima
403 2889 525 2973 probari
540 2899 572 2949 et
587 2887 793 2951 demonstrari
809 2899 920 2970 potest.
966 2889 1047 2965 Viro,
1062 2909 1119 2969 au·

266 3090 275 3124 Ι
292 3085 403 3144 Instituit,
416 3086 465 3143 dfa,
478 3085 493 3111 “
500 3081 546 3130 this
556 3081 649 3135 tamone
660 3081 784 3146 physioian
794 3081 846 3130 first
854 3082 940 3146 taught
949 3088 974 3130 to
982 3094 1039 3149 oq
1052 3081 1118 3130 look·

235 3159 296 3224 y'nw,
306 3159 355 3208 and
364 3159 431 3208 other
440 3159 547 3209 diseases
557 3158 646 3222 nrising
655 3158 716 3209 from
727 3159 768 3208 the
777 3158 947 3222 derangement
956 3144 1034 3213 offilo
1043 3157 1117 3221 brein,

232 3251 263 3285 or
278 3250 370 3295 nervae,
380 3237 413 3298 by
422 3235 542 3285 Pernvian
556 3236 624 3296 bork,
635 3242 710 3284 sweet
726 3251 841 3298 mercum,
858 3235 894 3283 six
909 3234 977 3284 times
993 3234 1117 3296 sublimed,

236 3312 347 3373 (tolomei,
358 3326 413 3359 now
423 3311 515 3361 known
531 3328 620 3376 among
629 3312 730 3362 medical
742 3326 804 3373 men,
815 3313 848 3375 by
857 3311 898 3360 the
908 3327 979 3360 name
987 3311 1015 3360 of
1025 3314 1118 3362 eubrau-

233 3391 284 3438 rt'ot
300 3389 453 3450 bodoma)
466 3388 514 3436 and
524 3391 556 3452 by
565 3390 632 3438 other
641 3389 820 3455 strengthening
831 3387 967 3437 remedies'’
999 3387 1036 3437 Aa
1052 3388 1119 3439 mesa

235 3465 343 3517 niceam
359 3463 426 3524 anso,
436 3463 576 3529 frequently,
586 3465 646 3516 from
662 3468 779 3530 agenorei
794 3466 884 3527 actuo
893 3466 922 3527 os
931 3466 968 3515 tlte
981 3472 1117 3536 cymen·

235 3542 336 3609 pecially
346 3540 372 3590 in
386 3557 459 3590 werra
474 3543 582 3602 elimatos,
591 3543 640 3592 aad
649 3546 715 3606 from
729 3543 791 3592 other
807 3557 893 3602 amco,
903 3543 960 3591 soced
976 3559 1001 3592 es
1015 3545 1117 3604 naam,

231 3622 273 3670 tte
288 3621 396 3684 tojwtog
408 3618 437 3680 os
448 3619 484 3666 tte
495 3619 567 3679 brein,
577 3635 603 3666 or
618 3637 663 3683 arry
671 3635 747 3680 ame,
756 3619 797 3667 the
811 3617 977 3670 indicationes
987 3635 1049 3684 cure,
1060 3635 1117 3672 con·

235 3695 301 3760 sista
311 3695 338 3748 (ἐ
348 3710 440 3759 course,
449 3693 661 3748 intheodbibition
670 3697 698 3748 oi
708 3698 781 3747 anas
790 3695 942 3761 andrbwt.
