2594 4514
449 423 699 470 wraarrrcrorur
722 425 810 470 vrrs.
1010 407 1073 470 185

191 577 251 644 tas,
275 565 317 630 ad
339 563 537 630 concordiam
559 579 592 631 et
613 568 787 633 amicitiam
813 589 958 632 revocare
982 568 1074 634 haud

190 681 276 744 certe
292 678 384 742 facile
399 679 481 742 suit:
505 679 600 762 quod,
615 682 675 745 etsi
688 681 909 746 difficillimum
932 693 1009 760 erat,
1024 693 1075 745 ta·

191 812 276 870 men,
302 793 325 857 h
347 790 590 876 Washingtonio
616 795 771 858 effectum.
819 795 888 858 lrae¹
913 794 1073 877 animique

191 904 295 988 copias
317 904 399 967 inter
413 904 569 968 australes
584 916 616 968 et
630 906 888 990 septentrionales
902 906 1074 970 intercede·

190 1016 278 1093 bant,
290 1027 322 1079 et
331 1015 406 1079 odia
417 1017 561 1080 maxima
576 1016 728 1096 civitates,
739 1018 824 1081 unde
840 1001 968 1103 profecti
983 1022 1073 1082 fuere

189 1126 242 1192 isti
271 1128 397 1206 milites,
422 1130 587 1224 erragitare
614 1130 799 1213 aliquandiu
825 1152 890 1194 non
915 1131 1072 1200 destitere.
1167 1125 1222 1177 πί

189 1240 286 1306 'Peles
310 1241 416 1324 igitur,
439 1243 565 1321 milites,
580 1254 614 1304 et
641 1243 786 1306 civitates
806 1264 957 1321 coercere,
974 1256 1005 1307 et
1030 1244 1073 1308 ad

188 1353 356 1438 imperium
374 1354 509 1438 justum,
525 1367 557 1418 et
580 1355 779 1440 disciplinam
802 1355 972 1419 militarem
993 1356 1074 1419 redi·

188 1485 273 1548 gere,
289 1465 516 1545 difficillimum,
533 1467 747 1551 proculdubio,
763 1469 833 1532 fuit.

231 1578 352 1657 Tanta,
367 1580 505 1663 insuper,
521 1580 581 1642 fuit
595 1580 828 1664 Waslringtonii
850 1580 1014 1657 modestia,
1034 1591 1073 1644 ut

187 1691 228 1752 ab
250 1692 392 1755 exercitu
415 1693 601 1775 cunctisque
621 1693 742 1756 civibus
757 1693 922 1756 carisimus
945 1692 1074 1758 habitus

187 1803 238 1866 sit.
284 1803 449 1883 Animum,
466 1826 604 1888 quoque,
620 1826 748 1888 equum
771 1807 804 1868 in
826 1808 933 1869 rebus²
954 1806 1072 1884 arduis,

187 1934 252 1977 non
274 1917 365 1978 secus
387 1936 424 1978 ac
447 1917 481 1978 in
501 1917 600 1993 bonis,
623 1937 747 1979 servare
774 1927 903 1999 poterat.
949 1918 1074 1981 Animi⁸

187 2026 444 2109 magnitudinem
464 2028 596 2091 notabat
620 2026 840 2110 aequanimitas
863 2028 928 2104 illa,
944 2030 1073 2093 sortem·
1098 2044 1110 2061 ·“
1139 2110 1144 2121 ¹
1270 2088 1281 2101 .

187 2158 250 2221 que
272 2148 304 2200 et
326 2159 483 2222 maguum
500 2159 576 2202 eum
597 2160 675 2216 esse,
691 2139 724 2202 in
744 2140 836 2201 rebus
857 2139 1013 2215 omnibus,
1030 2138 1074 2204 ad

152 2334 156 2342 Ι
186 2262 267 2334 quas
289 2251 452 2315 obeundas
474 2251 575 2336 patria
591 2253 734 2330 vocabat,
751 2251 925 2316 clarissime
942 2251 1074 2315 demon·
1123 2234 1166 2324 ,⁸⁸¹

153 2362 306 2429 ⁴zbtravit.
353 2366 418 2430 Seu
443 2365 562 2442 vicerit,
586 2387 644 2428 seu
669 2366 770 2429 victus
794 2365 902 2442 fuerit,
928 2348 1074 2429 animum

187 2477 327 2541 eundem
342 2500 464 2563 semper
480 2469 619 2561 gerebat.

228 2590 385 2668 Honores,
401 2611 479 2672 quos
495 2593 516 2656 a
531 2592 652 2655 civibus
668 2591 766 2674 gratis
781 2591 913 2673 accepit,
927 2590 1074 2653 homines

188 2700 266 2762 alios
288 2701 387 2764 ebrios
409 2700 615 2766 reddidissent
627 2726 636 2781 ;
667 2715 701 2765 at
721 2703 993 2784 Washingtonius,
1015 2720 1074 2763 seu

188 2810 381 2887 laudaretur,
406 2832 463 2875 seu
490 2811 682 2896 culparetur,
704 2824 742 2876 ut
768 2818 888 2875 cautes⁴
915 2811 1075 2894 Marpesia
1137 2854 1140 2859 ,

220 3007 299 3066 rrroe,
318 3008 368 3066 rba,
382 3007 557 3065 “resentmeut,
574 3004 624 3054 end
640 3002 785 3053 animosities
802 3001 892 3051 existed
908 3002 1016 3050 between
1033 3002 1074 3052 the

188 3082 327 3143 southem,”
337 3081 381 3131 &c

219 3182 231 3216 ⁸
246 3174 331 3234 Rebar,
345 3177 393 3234 oc,
405 3172 450 3221 “in
460 3171 561 3222 difficult
575 3171 768 3233 circumstances,
778 3178 819 3222 not
834 3169 959 3221 otherwise
974 3171 1032 3222 than
1046 3171 1073 3223 iu

189 3264 331 3316 prosperous
341 3265 399 3299 ones
406 3253 429 3313 ;”
441 3249 493 3314 just
499 3267 530 3299 a
540 3249 565 3299 in
575 3249 713 3316 prosperity.

199 3376 203 3382 -
220 3343 333 3403 ruam,
352 3346 401 3403 oc,
412 3341 486 3390 “thet
501 3341 648 3406 equanimity
657 3339 759 3390 denoted
776 3346 899 3404 greatness
914 3339 943 3390 or*
953 3340 1013 3402 soul,
1024 3339 1073 3389 and

190 3425 253 3468 most
261 3419 348 3483 clearly
358 3418 454 3469 shewed
464 3418 513 3469 him
522 3426 547 3468 tc
557 3420 587 3468 be
597 3420 669 3468 brave
679 3417 728 3467 and
737 3423 805 3482 great
813 3416 838 3466 in
847 3417 879 3466 all
888 3417 976 3482 things,
986 3423 1011 3466 to
1020 3431 1073 3480 peu·

190 3493 250 3543 form
259 3495 343 3557 which,
354 3495 391 3544 his
401 3504 502 3561 country
511 3496 587 3545 called
598 3495 670 3545 him.”

220 3592 231 3627 ⁴
251 3586 341 3646 Cautes,
357 3589 406 3647 oa,
422 3590 460 3635 “a
476 3585 617 3652 Marpesian
635 3586 723 3648 roclr;”
738 3585 794 3636 thus
808 3585 893 3650 Vugil,
911 3583 1030 3648 speaking
1045 3581 1075 3630 ol'

190 3660 279 3712 Queen
289 3661 358 3724 Dido,
369 3666 430 3712 “aa
445 3667 519 3726 nugis
528 3667 617 3725 incepto
626 3665 714 3711 meltum
723 3678 824 3711 cumeae
838 3667 946 3721 movetur,
959 3659 1037 3716 Qadm
1051 3659 1074 3708 ri

190 3740 249 3790 littra
264 3740 326 3802 sue,
337 3744 377 3789 cat
385 3745 429 3789 atet
438 3742 556 3804 Marpesia
570 3743 669 3789 cautem
700 3739 754 3790 Nor
768 3738 843 3788 issbe
854 3752 919 3787 more
934 3733 1020 3784 moved
1032 3734 1073 3800 (aa

625 3824 669 3873 Η
