2594 4514
278 366 339 430 lat
531 386 782 432 rrasuurorourr
798 324 893 432 riri„

319 529 373 596 Ad
387 530 463 594 alios
477 533 638 615 prefectos
652 532 868 608 Americanos,
884 530 938 613 qui
953 550 1021 593 sese
1035 531 1153 596 virtute

275 654 334 706 aut
348 643 508 722 dedecore,
524 646 621 708 hocce
636 645 728 722 bello,
744 645 981 728 insigniverant,
998 664 1085 708 nunc
1104 648 1153 723 'rc-

273 767 443 820 rertamur.
490 759 528 820 ln
545 758 600 834 eis,
616 758 672 840 qui
693 757 836 841 pulchra,
860 757 899 820 ob
919 756 1052 840 patriam
1072 760 1153 839 pu'g·

272 867 388 945 nando,
399 869 533 932 vulnera
547 870 639 955 passi,
649 870 710 933 fuit
723 870 855 934 Carolus
865 870 939 945 Lee,
950 868 1019 931 dux
1029 868 1153 931 Ameri-

273 999 382 1057 eanus,
395 981 521 1064 Anglus
532 983 665 1065 egregia
676 983 809 1045 virtutis.
848 981 924 1045 Dux
933 981 991 1042 iste
1004 979 1152 1061 inclytus,

273 1088 351 1153 dum
372 1092 503 1176 longihs
520 1097 541 1160 a
559 1096 623 1157 suis
646 1105 802 1170 moratur,
811 1094 965 1177 captivus,
980 1091 1026 1155 de
1038 1092 1153 1174 impro-

272 1203 348 1282 viso,
360 1207 474 1282 factus,
486 1216 518 1267 et
531 1204 572 1266 ad
584 1205 763 1266 Eboracum
774 1205 900 1265 Novum
912 1204 1081 1286 perductus
1093 1213 1151 1268 est.

316 1315 480 1378 Exercitui
505 1315 695 1378 Americano
726 1313 856 1374 tandem
883 1312 1034 1391 redditus,
1060 1325 1092 1376 et
1120 1315 1154 1378 in

273 1426 409 1508 gradum
433 1426 599 1509 pristinum
624 1427 646 1488 a
667 1424 925 1507 Washingtonio„
944 1426 982 1488 ob
1004 1425 1153 1488 virtutem

273 1539 423 1601 eximiam
438 1538 610 1614 restitutus,
626 1536 730 1621 parelio
745 1537 833 1619 apud
854 1538 1153 1601 Neo-Caesareenses

84 1632 86 1639 ¹
176 1686 180 1697 ·
271 1649 365 1727 facto,
393 1648 549 1712 dedecore·
571 1662 742 1733 coopertus,
768 1660 800 1712 et
830 1648 913 1732 apud
928 1652 1154 1733 profectorum

272 1759 532 1825 Americanorum
546 1762 714 1832 consilium
730 1761 969 1839 condemnatus,
984 1762 1153 1847 imperium

273 1892 365 1937 omne
389 1875 535 1952 militare,
549 1897 602 1959 per
626 1875 719 1937 unius
734 1875 872 1957 spatium
895 1874 982 1952 anni,
996 1874 1153 1959 deponere

40 2070 45 2081 1
273 1988 454 2069 cogebatur.
501 1987 659 2051 Dedecore
674 1987 774 2049 notari
789 1987 932 2049 malebat
944 1986 1011 2050 dux
1024 1988 1083 2051 iste
1106 1987 1154 2051 in·

13 2078 24 2142 ³·
42 2100 48 2137 '-
93 2114 96 2119 '
130 2077 142 2123 ⁴,
155 2134 174 2163 ·;
195 2090 502 2184 ”’ἷ].ο1γωε,(]ιιὲω
518 2123 571 2185 pro
586 2099 821 2181 Washingtonii
838 2099 937 2181 gloria
952 2111 1080 2185 certare.

283 2251 286 2257 ,
316 2215 478 2296 Superbia,
494 2214 591 2288 enim,
607 2212 686 2293 ejus¹
710 2211 809 2292 major
828 2221 905 2286 crat,
921 2213 1021 2292 quam
1040 2221 1078 2272 ut
1099 2232 1153 2274 su·

266 2324 425 2411 pociorem
450 2324 555 2385 ullum
580 2324 657 2383 ferre
682 2332 793 2403 posset.
841 2320 996 2394 Quocirca
1022 2322 1153 2405 turpiter

272 2435 394 2514 fugere,
421 2436 521 2516 quam
549 2432 667 2494 fortiter
696 2451 837 2514 pugnare
865 2430 1027 2511 malebat;
1059 2435 1151 2517 fuga,

273 2545 368 2622 enim,
394 2549 464 2622 suh,
481 2543 773 2625 Washingtonium,
789 2543 840 2606 dic
866 2544 935 2621 isto,
952 2544 1076 2609 cladem
1100 2568 1153 2610 ac-

274 2669 439 2742 cepturum
463 2677 616 2740 magnam
631 2655 795 2719 credebat:
821 2667 853 2718 at
868 2678 943 2719 eum
965 2680 1034 2742 spes
1056 2659 1152 2742 longe

261 2758 402 2868 wlit:
427 2792 539 2854 quum,
552 2770 647 2847 enim,
659 2780 781 2854 turpem
795 2769 862 2854 ejus
875 2772 988 2854 fugam
1001 2793 1152 2857 conspex·
1183 2831 1186 2838 .

273 2995 300 3038 to
307 2987 396 3039 terinos
405 2987 446 3055 the
455 2988 566 3053 sincerity
571 2987 603 3037 os
610 2987 650 3036 bis
660 2988 707 3036 late
716 2988 862 3049 conversim,
872 2988 1005 3052 destroyed,
1015 2989 1093 3047 bumt,
1103 2986 1153 3036 aad

274 3063 402 3121 dismsed
417 3063 449 3112 all
464 3065 550 3127 placas,
559 3064 660 3114 without
673 3065 714 3114 tha
727 3065 833 3115 smallest
849 3065 947 3113 shadow
958 3063 986 3112 of
995 3062 1069 3111 either
1081 3078 1152 3127 expo

274 3139 368 3204 dienoy,
378 3156 405 3189 or
419 3139 546 3203 necessity,
556 3147 581 3188 to
590 3141 668 3191 which
676 3142 713 3190 his
723 3141 814 3206 dadng,
825 3141 985 3190 adventruous
1000 3138 1067 3203 spirit
1081 3140 1152 3190 could
1171 3186 1176 3192 .

275 3216 381 3280 possibly
395 3217 456 3265 have
473 3232 561 3265 access
593 3217 685 3267 Amold
702 3217 828 3284 possessed
847 3234 889 3266 ons
908 3214 1078 3266 characteristic
1093 3216 1122 3265 of
1136 3232 1152 3265 ι

276 3292 369 3353 soldier,
380 3292 435 3343 aud⁴
443 3295 483 3341 hut
492 3309 541 3353 one,
551 3293 654 3358 namely,
664 3297 756 3359 brocey
761 3313 770 3354 ,·
787 3294 824 3343 his
836 3293 917 3343 attach
932 3307 963 3340 en
973 3291 1082 3354 Quebec,
1093 3291 1152 3341 with

275 3371 317 3419 the
332 3369 394 3433 truly
403 3371 474 3418 bravo
489 3369 667 3437 Montgomery,
677 3371 697 3420 is
712 3372 737 3422 in
748 3372 827 3436 point:
845 3369 882 3418 his
897 3367 982 3416 former
997 3367 1088 3430 gallant
1103 3384 1151 3418 sea

275 3446 341 3496 vices
356 3445 458 3513 induced
467 3440 639 3510 Washingffl
647 3455 672 3497 to
681 3449 772 3498 confide
787 3454 812 3496 to
821 3445 870 3494 him
880 3445 920 3494 the
932 3443 1029 3512 defeuce
1038 3444 1066 3494 os
1076 3445 1152 3497 west

273 3523 401 3729 132?
412 3573 462 3676 tta,
473 3612 532 3663 “his
550 3578 643 3680 (Lcc'sl
659 3614 726 3682 pn'de
739 3629 791 3664 was
805 3619 845 3663 too
859 3618 926 3678 great
939 3618 965 3663 to
978 3613 1036 3664 bear
1050 3629 1100 3680 aoy
1109 3628 1149 3664 sa·

276 3706 369 3759 μω..
