2594 4514
218 382 261 458 li
477 403 728 455 urssrmrorrrr
752 405 840 456 vrrs.
924 324 950 377 δ

217 574 308 640 equo
331 555 441 620 animo
463 551 546 634 tulit,
560 549 807 641 bastoniamque
820 575 931 619 vernis
952 555 1101 622 animum

216 670 379 733 intentum
390 668 514 748 habuit,
525 679 559 732 et
570 671 771 734 occasionem
784 670 892 755 copias
902 670 1008 754 regias
1018 671 1101 736 ultrb

217 781 391 847 invadendi
406 804 448 846 ex
463 783 582 846 animo¹
597 784 749 867 quesivit.

262 895 410 959 Tandem
423 896 568 960 Britones
577 898 761 961 Bostoniam
772 896 943 979 reliquisse,
953 895 1103 962 Halifax·

218 1021 280 1092 que
291 1009 387 1093 copiis
397 1010 539 1072 omnibus
548 1007 744 1086 contendere,
756 1010 867 1073 certior
876 1011 990 1073 lactus.
1026 1009 1104 1072 1300.

218 1122 309 1185 tonia
324 1123 363 1182 ab
373 1122 488 1204 Anglis
500 1121 636 1200 deserta,
649 1143 722 1185 earn
733 1119 997 1204 Washingtonius
1006 1122 1103 1206 copiis

218 1235 376 1312 omnibus,
391 1244 519 1317 magno
529 1235 648 1297 civium
670 1234 797 1316 gaudio,
818 1234 955 1299 intravit.
1004 1229 1104 1319 Oppi-

218 1344 304 1424 dani,
337 1348 558 1410 acerbitatibus
587 1347 788 1430 praesidiario¹
821 1347 860 1410 de
891 1369 977 1411 more
1003 1349 1103 1411 vitam

218 1460 346 1542 agendi,
362 1460 519 1541 variisque
542 1459 750 1536 contumeliis,
765 1460 879 1543 quibus
895 1461 1020 1524 obnoxii
1034 1463 1104 1524 fue·

218 1582 301 1647 rant,
323 1571 446 1633 liberati
468 1571 637 1654 solutique,
651 1570 935 1656 Washingtonium
955 1574 1104 1636 liberato·

218 1696 286 1744 rem
301 1692 333 1743 et
346 1693 536 1746 servatorem
548 1684 759 1748 consalutant.
809 1683 1012 1748 Coloniarum
1027 1707 1104 1767 quo·

218 1782 523 1878 quefoederatarum
544 1796 743 1880 Congressus
766 1799 795 1861 ei
818 1799 937 1880 gratias
961 1797 1104 1880 agendas

218 1929 287 1972 esse
302 1908 448 1973 decrevit.
494 1902 691 1976 Vacuefactd
706 1914 728 1976 b
742 1912 921 1975 Britonibus
937 1911 1102 1988 Bononia,

217 2023 291 2088 ordo
303 2025 457 2108 seriesque
469 2039 575 2089 rerum
586 2027 620 2089 in
633 2025 746 2090 melius
758 2028 976 2104 mutabantur,
987 2025 1103 2087 Wash-

216 2135 363 2221 ingtonii,
375 2150 493 2214 autem,
504 2129 663 2201 laboribus
674 2139 803 2199 interim
813 2137 900 2199 haud
913 2137 1093 2200 imminutis

219 2247 305 2311 Cum
321 2250 463 2311 hostibus
478 2248 627 2330 deinceps
641 2249 739 2327 longe
756 2249 979 2329 potentioribus
995 2249 1089 2310 conili

219 2356 361 2440 gendum
383 2369 458 2420 erat.
505 2359 672 2422 Exercitus
687 2358 774 2419 onim
786 2359 997 2440 Anglicanus,
1019 2359 1102 2444 apud

217 2463 451 2546 Boatonienses,
470 2469 517 2532 nil
536 2469 624 2532 aliud
650 2481 760 2554 prater
782 2476 887 2535 metris
913 2463 1104 2536 Massachu·

218 2593 296 2644 setta
318 2581 488 2645 Provinciae
509 2582 709 2665 injectionem
730 2583 787 2647 sibi
807 2585 918 2649 voluit.
965 2587 1102 2664 Bellum,

218 2704 340 2771 autem,
354 2714 440 2758 anno
453 2694 623 2758 millesimo
637 2695 918 2780 septingentesimo
933 2711 1103 2784 septuage-

217 2807 299 2870 simo
312 2818 402 2872 sexto
414 2809 455 2871 ab
468 2807 594 2872 Christo
606 2820 691 2885 nato,
702 2810 789 2894 apud
801 2811 1102 2876 Neo-Eboracenses

216 2919 312 3004 longe
328 2922 531 3007 amplissimis
546 2922 642 3006 copiis
657 2941 736 3004 quas
749 2924 830 2988 vidit
844 2947 989 3010 unquam
1005 2927 1103 2988 antea
1173 3002 1177 3009 ²

216 3039 300 3095 'terra
324 3034 495 3116 commit·
510 3012 575 3120 geri
591 3048 739 3121 coeptum.
784 3039 904 3102 Classis
929 3038 1102 3101 exercitus-

159 3211 162 3215 ·
183 3202 187 3207 ‘
249 3201 260 3236 ¹
276 3195 316 3243 Ea
325 3198 406 3258 minio,
417 3201 431 3226 “
437 3197 497 3247 from
507 3197 544 3246 his
553 3197 643 3259 beart,”
654 3200 670 3226 ‘⁴
675 3197 797 3261 'cordially,
806 3197 928 3261 haartily.”

249 3279 262 3315 ί
278 3273 431 3334 Presidio-ic,
441 3274 490 3345 “pl
500 3266 575 3340 ming
589 3274 649 3324 aller
658 3290 673 3322 a
683 3273 789 3339 garrison
799 3270 922 3335 lashion;”
938 3272 966 3322 ol
976 3273 1072 3340 leading
1087 3291 1103 3325 a

218 3346 327 3412 ‘garriam
337 3344 388 3410 lise3
406 3349 519 3407 theam
535 3351 655 3419 adieetive,
663 3345 861 3419 conflictionis
877 3349 971 3399 derived
986 3350 1046 3401 from
1060 3353 1102 3402 the

219 3423 370 3473 substantive
376 3429 517 3489 meridiam,
528 3421 566 3476 “a
575 3420 800 3493 gurthonhusrd,
811 3442 837 3476 cr
846 3426 948 3477 defense

251 3509 263 3545 t
281 3504 353 3550 Terra
362 3502 471 3567 &diambi
479 3500 493 3531 ’“
501 3503 603 3558 theland
611 3504 641 3555 ol'
642 3503 776 3557 columbus
783 3507 806 3567 ;’?
816 3506 849 3570 by
856 3503 903 3553 this
910 3521 948 3554 we
955 3501 1102 3557 understand

218 3575 368 3630 'theUniied
376 3576 457 3629 blatea
466 3579 494 3629 of
504 3581 581 3631 North
592 3581 710 3643 Ameriae,
721 3581 770 3630 and
780 3588 823 3630 not
831 3582 872 3630 the
881 3581 947 3630 other
962 3580 1101 3634 decoreries

218 3657 245 3708 in
261 3657 301 3707 the
311 3656 385 3705 West
400 3655 483 3705 indies
495 3657 543 3705 and
558 3658 693 3721 elsewhere,
704 3657 732 3709 of
740 3658 795 3709 that
803 3665 867 3708 most
882 3658 1036 3727 enterprising
1052 3659 1099 3712 aud

220 3732 394 3800 disu'nguishcrl
402 3732 532 3802 nasigetor.
