2594 4514
458 431 709 491 wrahrnaronir
733 444 820 488 vrri.
1018 419 1079 484 211

232 589 290 654 'At
310 589 368 654 Dei
393 589 501 673 optimi
522 590 657 652 maximi
679 608 810 652 munere
833 597 866 649 et
888 578 1083 670 providentia

199 703 322 764 factum
345 711 402 778 est,
416 713 464 778 ut,
477 701 563 786 apud
577 702 752 764 exercitum
768 720 845 763 cum
857 698 985 782 imperio
1000 705 1083 759 esset

200 812 475 896 Washingtonius,
491 816 604 896 usque¹
624 812 868 890 dum,1hostibue
891 811 1007 892 ubique
1030 807 1084 870 de·

200 924 338 1002 bellatis,
353 937 465 1008 pacem
479 925 596 987 virtute
611 924 802 987 concilihret.

244 1033 529 1119 Washingtonium
558 1037 585 1099 si
611 1056 686 1099 cum
710 1036 784 1098 viris
811 1034 880 1096 aliis
908 1044 1085 1117 temporum

201 1149 427 1232 praete'ritonrm
450 1151 659 1224 conferamus,
676 1148 821 1210 omnibus
836 1148 931 1223 certe,
947 1145 1002 1228 qui
1025 1153 1085 1206 aut

201 1259 286 1344 apud
300 1271 420 1323 veteres
443 1261 517 1324 olim
538 1260 692 1337 claruere,
708 1271 765 1321 aut
787 1257 872 1342 apud
896 1256 1089 1320 recentiores

203 1371 272 1456 jam
296 1393 382 1436 nunc
409 1377 489 1436 aura
513 1373 651 1436 {etherea
667 1383 853 1448 vescuntur,
867 1371 965 1452 longe
987 1368 1092 1450 major

202 1483 293 1548 heros
304 1497 408 1549 noster
420 1487 608 1549 invenietur
634 1482 864 1583 tentarem
874 1503 1002 1564 magno,
1014 1500 1089 1562 rege

202 1595 361 1673 Britanno,
379 1597 469 1662 haud
495 1598 683 1689 ωυΙῑΨ
650 1574 785 1667 ddtudit
812 1593 1089 1677 Washingtoniua

203 1707 249 1770 Hi
263 1709 320 1770 viri
343 1692 733 1794 preclarissimi,}uei'bioe,
748 1688 949 1784 fortitudinis,
971 1717 1006 1768 et
1025 1705 1092 1790 pie-

205 1818 280 1880 tatis
296 1839 400 1881 amore
415 1820 557 1901 insignes
571 1816 718 1884 suei‘e.¹
840 1828 846 1848 ²

250 1929 350 1991 Cum'
373 1929 535 1992 Aluredus
562 1950 678 2011 sagum
706 1933 784 2010 toga
810 1932 978 2004 muthsset,
1002 1892 1092 1988 mala

205 2038 336 2122 majora,
352 2042 451 2120 quarn
475 2046 545 2116 qu'ae
560 2038 804 2119 Waehingtonio
825 2059 970 2122 unquam
994 2037 1093 2100 conti-

206 2159 330 2230 gerant,
347 2165 509 2230 perpessus
525 2155 593 2222 est;
618 2165 765 2228 eumque,
781 2152 913 2210 sormam
936 2157 968 2209 et
990 2167 1094 2230 perso-

206 2278 283 2323 nam
299 2259 438 2322 alienam
453 2258 616 2334 mentitus,
632 2257 771 2319 hostium
786 2270 889 2321 eastra
908 2260 1092 2340 exploratus

207 2383 298 2448 esset,
315 2382 347 2434 et
361 2370 571 2454 suspicionem
587 2389 724 2446 omnem,
740 2370 814 2451 lyrae
830 2369 1008 2445 dulcedine,
1029 2369 1095 2430 evi-

207 2484 316 2560 thsset,
340 2483 583 2565 Washingtonio
606 2482 754 2545 audacior
769 2482 898 2544 forsitan
920 2480 1095 2544 existimari

208 2604 320 2677 potest.
368 2594 676 2670 Hostium,⁴‘tamen,
698 2594 888 2670 Trentoniae,
905 2592 991 2677 apud
1011 2593 1096 2655 Neo-

211 2704 437 2780 CaesareenseS,
447 2715 577 2784 captura
587 2725 645 2766 nos
657 2704 787 2766 Aluredi
799 2726 847 2786 ree
859 2717 965 2786 gestas
975 2715 1092 2768 monet.

254 2812 500 2894 Rempublicam
516 2812 781 2894 Washingtonius
803 2813 959 2876 ordinavit
976 2824 1008 2875 et
1030 2824 1096 2875 sta·

242 2966 251 3000 ι
270 2958 354 3020 Usque,
366 2960 416 3018 da,
427 2955 516 3016 “untii,
526 2955 565 3003 the
581 2971 668 3021 enemy
680 2956 753 3020 being
768 2956 920 3021 everywhere
935 2956 1094 3022 vanquished,

212 3035 242 3085 he
252 3033 367 3100 procured
376 3048 450 3097 peace
459 3033 492 3096 by
502 3031 539 3080 his
550 3031 635 3081 volor.”

242 3121 254 3157 a
268 3113 376 3172 aluredo,
388 3113 429 3171 dfe.
440 3109 626 3174 “Washingmn
643 3109 683 3159 did
693 3116 735 3163 not
751 3109 824 3160 much
839 3109 906 3160 differ
917 3113 954 3174 (ia
969 3113 1094 3179 character)

212 3189 273 3240 from
282 3187 366 3240 Alfred
376 3188 417 3236 the
427 3187 526 3249 Great,”
536 3187 575 3236 the
586 3187 668 3236 Soron
678 3187 747 3252 King
756 3187 784 3237 os
795 3186 913 3252 England

243 3273 255 3310 ι
273 3268 339 3327 Cum,
351 3269 400 3327 dc,
411 3264 504 3314 “when
515 3263 598 3312 Aisred
612 3263 660 3312 had
670 3264 780 3328 changed
790 3265 830 3313 the
840 3263 942 3330 military
948 3267 1003 3316 mbe
1012 3267 1047 3317 for
1056 3267 1098 3319 the

213 3357 292 3407 gown,
305 3341 405 3403 (thetis,
415 3340 464 3390 had
474 3339 586 3391 assumed
596 3340 636 3390 the
646 3342 705 3405 gerb
714 3340 742 3390 of
754 3357 833 3404 peace,
845 3342 893 3390 aud
903 3341 931 3391 of
938 3344 1001 3392 rural
1011 3360 1096 3392 avoca·

213 3418 296 3482 tiana)
312 3419 342 3466 he
358 3416 463 3467 endured
479 3424 572 3483 greater
586 3416 737 3468 missortunes
752 3418 811 3467 then
825 3418 890 3468 what
903 3417 952 3468 had
967 3435 1020 3468 ever
1034 3418 1095 3484 hap-

215 3494 291 3562 pened
301 3501 326 3544 to
336 3493 521 3560 Wcshington.”

246 3579 258 3614 e
273 3571 388 3631 Hostium,
401 3574 450 3633 dec,
461 3571 522 3622 “the
531 3580 636 3635 capture,
646 3571 762 3633 however,
772 3571 801 3622 of
811 3572 850 3625 the
860 3587 947 3637 enemy
959 3572 1096 3634 (rreum)

218 3647 258 3708 (ty
270 3646 433 3709 Weettagton)
445 3654 471 3698 at
480 3647 597 3711 Trenton,
607 3646 632 3697 in
642 3647 809 3714 New-Jersey,
819 3648 924 3700 reminds
934 3663 963 3698 ue
973 3644 1001 3697 os
1006 3646 1046 3696 the
1056 3660 1095 3697 ex·

217 3721 287 3788 pratu
297 3721 325 3772 of
335 3721 440 3773 Artem
