2594 4514
247 381 307 449 tec
502 405 753 451 wassrrroroun
777 406 864 452 vrri.

244 546 437 625 conabatur·;
462 547 501 611 de
517 551 731 626 controversiis
746 551 886 623 Galliam
901 549 982 612 inter
995 559 1027 621 at
1038 547 1123 614 cirl-

244 667 326 722 tates
335 659 509 722 vfoederatas
524 661 568 723 sic
583 661 710 725 locutus
725 634 924 728 essafcrtur:
991 682 1011 746 3

288 776 309 807 “
319 771 478 834 Tametsi¹
493 773 580 835 mala
595 774 697 836 multa
711 785 744 837 et
756 775 876 858 gravia,
890 797 959 857 qua
971 797 1029 851 nos
1043 776 1125 855 inter

243 893 276 944 et
296 885 439 951 nationes
462 896 585 948 exteras
605 887 787 964 extiterunt,
799 888 868 971 jam
884 887 1013 950 omnino
1033 908 1126 972 supe·

242 1005 312 1057 rata
332 1006 365 1057 et
386 999 541 1080 praeterita
563 999 634 1076 sint,
651 1020 788 1076 summo,
812 1009 930 1075 tamen,
946 998 1049 1061 dolore
1072 1019 1125 1061 me

243 1107 347 1183 afficit,
361 1128 419 1170 vos
433 1111 578 1174 certiores
591 1110 728 1174 faciendi
742 1109 1004 1175 necessitudinem
1019 1109 1125 1191 ingra-

243 1228 311 1281 tam
333 1221 411 1284 mihi
433 1223 611 1306 impositam
632 1245 709 1300 esse,
727 1222 951 1306 rempublicam
967 1221 1125 1284 Gallicam

241 1352 342 1395 naves
364 1345 495 1411 nostras,
511 1336 545 1396 in
561 1333 654 1397 ludia
668 1333 866 1410 occidentali,
882 1333 1013 1414 aliisque
1029 1333 1126 1416 pluri-

242 1444 303 1506 mis
325 1446 359 1506 in
374 1445 459 1520 locis,
475 1466 596 1527 capere,
612 1454 644 1506 et
659 1444 878 1521 condemnare,
894 1466 958 1507 non
974 1447 1064 1508 sectis
1087 1465 1125 1508 ac

242 1550 410 1617 sibellum
425 1555 506 1617 duas
528 1555 608 1617 inter
630 1567 741 1637 gentes
764 1567 910 1639 geratur;
935 1578 1049 1639 meque
1071 1577 1126 1620 ve·

242 1662 407 1727 hementer
428 1666 524 1749 piget,
543 1667 630 1730 vobis
652 1667 763 1744 dicere,
781 1668 927 1751 legatum
950 1669 1125 1746 Gallicum,

241 1776 295 1859 qui
310 1795 398 1840 nunc
415 1779 499 1862 apud
513 1799 570 1842 non
585 1793 735 1858 moratur,
748 1803 815 1858 nos,
832 1781 920 1844 haud
933 1781 979 1843 ita
993 1781 1126 1866 pridem,

238 1891 385 1953 certiores
407 1892 527 1969 fecisse,
544 1892 632 1954 mala
654 1893 724 1970 ista,
741 1892 780 1956 de
803 1894 917 1975 quibus
938 1914 1025 1957 nunc
1049 1914 1127 1976 que-

240 2005 351 2081 rimur,
362 2004 396 2067 in
411 2008 594 2087 posterum,²
608 2027 672 2067 non
688 2006 845 2082 imminui,
860 2005 924 2083 ned,
938 2018 1055 2099 contra,
1069 2024 1126 2068 au-

241 2117 317 2200 geri.
364 2118 483 2181 Pacem
495 2117 755 2199 concordiamque
768 2139 827 2179 nos
841 2118 923 2179 inter
936 2127 968 2179 et
981 2118 1127 2200 rempub·

241 2230 339 2294 licam
351 2231 510 2292 Gallicam
521 2250 600 2304 esse,
611 2231 633 2292 a
643 2250 694 2289 me
705 2249 827 2311 semper
838 2229 899 2290 fuit
911 2228 1124 2291 elaboratum:

241 2360 356 2426 pacem
376 2339 522 2401 servandi
545 2339 693 2400 voluntas
715 2339 885 2400 imminuta
908 2349 1027 2416 manet,
1044 2349 1127 2401 atta-

241 2472 328 2526 men,
344 2453 441 2526 eam,³
455 2450 515 2510 nisi
538 2448 690 2511 dedecore
709 2469 845 2526 summo,
864 2470 1046 2512 conservare
1070 2471 1127 2514 ne-

241 2563 389 2646 quimus:
406 2582 519 2643 neque,
533 2571 652 2637 tamen,
666 2561 786 2624 bellum
797 2563 886 2624 nobis
902 2563 1011 2626 Gallos
1027 2564 1127 2627 indic·

242 2687 340 2752 turos,
355 2696 470 2737 vereor.
517 2673 669 2751 Damna,⁴
686 2685 718 2736 et
733 2673 895 2754 dedecora,
912 2697 977 2750 non
992 2677 1125 2755 bellum,

241 2790 332 2854 nobis
347 2789 470 2865 inferre,
487 2788 670 2870 exoptant.’'

274 3006 282 3040 ¹
302 2999 409 3058 Tametsi,
427 3000 477 3058 dee,
490 2995 627 3060 “although
643 2996 684 3045 the
699 3013 773 3063 many
783 2997 830 3048 and
847 2997 956 3063 grievous
972 2996 1037 3059 evils,
1048 2997 1127 3048 which

242 3075 304 3123 heve
319 3073 409 3122 existed
426 3075 534 3122 between
544 3088 574 3121 us
584 3072 634 3121 and
643 3072 733 3138 foreign
743 3073 846 3135 natione,
857 3090 898 3122 are
913 3088 968 3122 now
978 3072 1066 3137 wholly
1075 3090 1125 3124 sur·

243 3150 365 3210 mounted,
377 3151 424 3197 and
435 3150 522 3213 passed
533 3152 572 3213 by,
583 3152 601 3198 it
611 3152 769 3199 nevertheless
780 3150 862 3199 affecta
872 3166 911 3199 me
921 3149 979 3198 with
988 3149 1028 3198 the
1036 3152 1127 3201 utmost

244 3225 308 3291 pain,
319 3226 370 3274 that
385 3227 425 3274 the
435 3226 578 3289 unpleasant
587 3227 706 3292 necessity
716 3226 743 3276 of
753 3226 909 3291 aoquainting
917 3225 1003 3290 you,is
1018 3225 1126 3291 imposad

244 3319 276 3352 on
292 3318 337 3362 me,
349 3303 400 3350 that
415 3303 454 3350 dre
464 3303 557 3352 French
573 3304 677 3367 republic
690 3320 730 3352 are
746 3303 829 3368 taking
844 3301 893 3350 and
908 3303 1069 3370 condemning
1083 3306 1128 3356 our

244 3379 334 3444 ὤρεξ’
345 3380 389 3426 &c
949 3398 951 3400 ’

274 3466 287 3503 ι
302 3459 429 3515 Poetarum,
442 3455 551 3519 (acilini,
559 3460 665 3522 tempera)
677 3457 713 3507 sor
721 3457 761 3506 the
771 3457 855 3506 sutura.

274 3544 287 3581 ι
301 3535 369 3593 Eam,
381 3531 487 3594 (scilicet,
495 3538 592 3595 pacem)
605 3534 667 3596 “it’'
677 3535 728 3584 thet
736 3534 764 3595 is,
772 3549 846 3596 pecca
933 3542 938 3551 ·

275 3624 286 3658 r
304 3615 402 3673 Dmnc,
414 3613 464 3671 dea,
475 3609 551 3673 “they
563 3606 614 3670 (the
629 3611 733 3674 Freuch)
745 3610 837 3675 greatly
846 3609 920 3660 desire
935 3616 961 3660 to
975 3610 1045 3678 bring
1059 3628 1124 3680 upon

245 3706 275 3742 ns
284 3691 360 3741 lossee
370 3687 417 3738 and
428 3682 543 3753 d'tsgrace,
553 3687 598 3737 but
605 3695 648 3738 not
656 3696 681 3738 to
690 3687 783 3738 dedere
795 3687 872 3753 (epm)
884 3703 935 3739 war
943 3704 975 3739 ou
984 3693 1036 3739 ω’
