2594 4514
429 405 678 452 ussaraoroun
701 405 791 450 sans.
1005 384 1050 451 dl

217 543 239 586 ‘⁸
252 548 287 613 si
309 547 350 610 ad
367 558 469 631 partes
483 549 723 632 Pennsyluanie
739 559 906 613 extremas·
920 545 1050 611 receda-

171 676 255 738 atas,
262 680 341 725 num
348 660 583 742 Pennsylsanos
593 664 681 727 nobis
690 661 897 756 opitulaturos
906 659 1006 724 credis
1013 659 1048 725 l'’

173 773 236 837 Cui
246 772 377 856 legionis
391 773 534 836 tribunus
549 773 838 860 Reedrespondisse
849 777 968 837 fertur:
993 772 1049 836 ‘tm‘

171 886 341 950 comitatus
363 886 534 949 inferiores¹
553 887 675 950 subacti
691 909 728 950 ac
743 887 843 952 dediti.
855 887 981 964 fuerint,
994 907 1047 950 eo-

170 997 364 1061 mitatusalii
375 998 408 1061 in
417 997 715 1061 hostium'ditionem
722 998 931 1082 pervenient?
950 999 1047 1063 Tum

170 1104 449 1193 Weshingtonium
459 1109 576 1177 dixisse
586 1112 708 1174 serrant:
723 1116 744 1147 “
756 1109 966 1192 AdVirginiae
976 1132 1048 1196 par·

170 1230 217 1285 we
228 1233 387 1287 extremas
398 1223 487 1286 nobis
496 1221 709 1286 recedendum
721 1232 770 1284 est
782 1244 790 1299 ;
808 1220 913 1300 multi,
925 1222 967 1287 ad
978 1245 1049 1302 nos,

169 1334 282 1406 salutis
306 1338 416 1413 cause,
439 1337 606 1418 confugere
631 1346 792 1418 cogentur,
809 1345 850 1413 et,
866 1334 943 1418 quid
965 1336 1048 1401 bello

169 1445 349 1531 praedatorio
367 1448 432 1511 lieri
447 1448 550 1532 possit,
566 1447 824 1533 perlclitandum;
849 1450 897 1510 et*
911 1448 938 1511 si
957 1445 1049 1525 noble

168 1560 295 1622 fortuna
309 1559 464 1638 inviderit,
476 1570 600 1624 montes
612 1561 877 1644 Alleghanienses
892 1573 1048 1647 postremo

168 1670 368 1755 superandi.”

127 1821 129 1829 κ
172 1813 176 1819 ·
213 1783 284 1851 Hoc
303 1783 338 1846 in
359 1795 497 1867 receptu,
513 1785 674 1867 equitatus
693 1797 725 1848 et
746 1797 902 1851 tormenta
925 1788 1049 1871 majora

170 1893 415 1976 uniuscujusque
425 1897 490 1957 fere
506 1896 638 1976 generis,
649 1896 896 1978 Weshingtonio
905 1897 1046 1964 defuere

169 2005 294 2070 Paucos
315 2005 400 2067 intra
414 2003 491 2082 dies,
506 2017 575 2089 post
589 2007 859 2090 propugnaculum
874 2009 1049 2094 Washing.

169 2119 291 2182 tunium
301 2126 531 2203 expugnatum,
539 2117 926 2205 pedemrefeuecteperuut
936 2121 1048 2187 Amer-

168 2231 263 2295 icani.
310 2231 480 2314 copiarum
490 2231 704 2295 recedentium
717 2254 788 2317 pers
801 2253 930 2317 magna,
943 2234 982 2298 de
991 2235 1047 2316 eis,

168 2344 222 2426 qui
243 2344 518 2428 propugnaculum
539 2346 599 2409 hoc
614 2347 793 2424 tuebantur,
809 2348 955 2412 conflata.
1003 2348 1048 2414 lu

168 2475 210 2519 ex
224 2477 340 2540 aggere
355 2457 415 2523 isto
429 2468 497 2520 tam
512 2459 617 2526 subite
631 2457 745 2542 pedem
760 2461 871 2523 referre
891 2462 1048 2544 cogeban-

168 2578 232 2646 tur,
247 2581 284 2630 ut
297 2570 442 2646 tentonia,
454 2568 582 2648 lodices,
594 2581 627 2633 et
641 2572 821 2656 coquinaria
834 2593 922 2651 vasa,
938 2594 1048 2639 ncces·

169 2681 252 2743 sario
267 2679 456 2760 reliquerint.

168 2820 171 2826 ⁴
216 2790 264 2853 lta
279 2791 401 2865 armati,
413 2801 446 2852 et
457 2793 571 2869 vestiti,
582 2803 798 2878 sepenumero
811 2796 908 2861 etiem
918 2797 1049 2879 pedibus

168 2901 265 2966 nudis
294 2900 484 2978 incedentes,
510 2903 640 2966 ineunte
665 2906 781 2984 hieme,
809 2926 864 2989 per
892 2907 1048 2988 regiones,

168 3015 338 3081 deditionis
365 3033 462 3097 quam
490 3014 620 3080 renixlls
647 3018 746 3080 fortis·
764 3017 961 3097 amantiores,
988 3021 1048 3086 iter

168 3133 284 3196 decere.
330 3128 392 3193 His
417 3124 625 3191 incommodis
654 3127 851 3207 circumdati,
873 3133 1049 3216 nonaginta

172 3243 355 3308 milliarium
365 3243 686 3325 iterfecerunt,eoque
694 3242 725 3306 in
734 3242 1047 3328 spatioconlioiendo,
1096 3278 1099 3282 ·

170 3357 240 3422 dies
260 3354 459 3440 undeviginti
482 3355 726 3440 insumpserunt,
741 3366 777 3418 ut
791 3357 919 3421 auxiliis
935 3378 1049 3444 oxpeo.

170 3470 249 3534 tatis
281 3470 428 3554 temporis
456 3469 532 3532 satis
562 3468 603 3531 ad
631 3469 880 3535 conveniendum
909 3470 1046 3535 daretur.

318 3646 333 3683 t
351 3641 476 3693 esaim
483 3640 608 3703 tumea,
619 3641 634 3666 “
640 3637 680 3689 the
689 3637 762 3691 lower
773 3638 902 3691 comtieat

324 3716 390 3781 Mt,
402 3714 660 3781 sustentatorum
669 3715 731 3767 shall
740 3731 802 3782 ων]
811 3719 863 3766 as.”
918 3722 921 3727 “
