2564 4524
403 957 812 1036 PROOEMIUM.

213 1395 336 1462 Parare
352 1395 466 1462 Patriae
478 1396 590 1473 vitam,
601 1415 690 1479 opus,
704 1394 772 1458 sive
787 1391 828 1456 sd
839 1390 897 1455 viri
907 1389 1052 1468 virtutes,
1075 1428 1078 1433 ,

168 1521 235 1586 sive
258 1522 299 1586 ad
313 1522 479 1607 preclaras
493 1542 542 1584 res
558 1522 598 1584 ab
613 1521 668 1584 illo
683 1532 716 1591 et
731 1521 872 1604 inceptas
887 1528 919 1582 et
932 1518 1052 1602 perseo·

168 1659 218 1711 tus
233 1659 424 1734 spectemus,
439 1648 526 1722 omni
543 1651 621 1712 ourb
634 1647 784 1730 omnique
799 1643 968 1728 diligentie
981 1641 1053 1726 dig-

169 1774 351 1850 nissimum,
368 1794 510 1837 sermone
528 1738 652 1850 Latino,
669 1772 778 1858 procul
793 1772 924 1855 quidem
947 1771 1053 1834 Rome

171 1909 204 1960 et
225 1899 383 1962 Romuleo
404 1899 550 1976 flumine,
567 1900 698 1981 ignotus
721 1920 851 1962 exarare
874 1897 1053 1980 aggredior.

172 2022 291 2086 Nullus
313 2032 423 2086 autem
447 2023 557 2086 dubito
577 2023 657 2105 quin
678 2024 849 2107 permultos
869 2022 1054 2098 invenerim,

172 2148 228 2231 qui
243 2169 344 2231 genus
360 2148 420 2211 boo
436 2148 590 2212 scribendi
605 2152 722 2213 natura
736 2152 799 2213 sua
809 2146 905 2211 nimis
920 2147 1056 2210 inusita-

173 2286 255 2353 tum,
270 2296 397 2358 meque,
413 2274 498 2358 quod
521 2275 562 2338 ad
576 2274 691 2338 veteris
712 2274 797 2339 Latii
815 2286 959 2338 normam
982 2272 1056 2336 atti-

34 2440 58 2491 '.
172 2413 258 2480 neat,
279 2402 373 2486 plane
395 2402 550 2486 hospitem
565 2422 633 2464 esse
655 2401 839 2485 judicarint.
869 2400 1056 2483 Utcunque

78 2584 81 2589 .
172 2529 240 2607 erit,
261 2528 387 2612 juvabit
409 2538 520 2592 tamen
539 2531 663 2591 famam
677 2528 745 2605 viri,
761 2527 906 2591 omnium
927 2528 1057 2590 saeculo·

173 2674 247 2717 rum
262 2654 354 2717 facile
370 2655 528 2739 principis,
539 2676 592 2739 pro
604 2654 686 2718 virili
697 2666 784 2739 parte
797 2674 850 2717 me
864 2655 968 2738 ipsum
979 2673 1058 2720 ,con-

175 2797 324 2854 secrasse,
341 2779 487 2860 factaque
510 2780 579 2862 ejus
594 2780 806 2865 pulcherrima
821 2780 977 2842 memoriae
996 2789 1059 2840 tra-

176 2900 292 2966 didisse
307 2892 425 2966 L‘atinb
439 2903 675 2967 immortalitate
686 2906 815 2969 donata.
843 2903 951 2987 ,Apud
964 2925 1059 2986 quos·

177 3050 304 3112 eunque
318 3039 428 3091 autem
441 3028 566 3091 labores
579 3031 676 3093 nostri
692 3028 947 3093 benevolentiam
963 3040 1059 3113 atque

124 3222 127 3227 ,
176 3157 317 3218 favorem
347 3155 548 3240 sibimetipsis
577 3136 755 3234 concilient,
783 3156 983 3222 meminerint
1012 3157 1059 3229 illi

178 3302 276 3365 quam
290 3282 331 3344 sit
342 3281 423 3345 inter
436 3281 622 3345 difficillima
635 3303 684 3345 res
695 3304 792 3345 novas
803 3295 917 3347 ornatu
928 3283 1063 3366 antiquo

179 3409 303 3486 vestire,
314 3419 355 3487 et,
365 3409 392 3471 si
403 3409 436 3472 in
448 3409 558 3493 aliqua
568 3420 654 3494 parte
665 3410 838 3472 titubantes
848 3410 1060 3487 inveniamur,

180 3556 270 3618 requo
293 3533 340 3599 illi
363 3536 542 3620 acceperint
567 3535 674 3599 animo
699 3542 795 3620 atquo
815 3529 906 3600 errori
931 3533 1060 3599 veniam

182 3660 400 3747 conoesserint
