2594 4514
254 395 297 457 82
510 410 761 456 wasnrncrorrrr
783 411 873 456 rrrr.

255 555 344 619 cum·
361 575 415 639 per
435 554 578 619 civitates
597 567 707 619 autern
722 557 782 619 iter
799 558 948 633 facerent,
963 554 1044 621 nulli
1064 555 1129 618 fere

254 665 296 729 ad
317 687 370 729 eos
391 687 458 729 sese
482 661 685 753 recipiebant,
700 667 821 747 multis,
846 668 984 745 interim,
999 667 1041 732 ad
1062 667 1134 732 Bri·-

254 789 372 842 tennes
384 779 648 861 confugientibus.
952 794 954 798 ’

260 870 281 937 ',.
297 882 437 954 Parvum
462 911 588 973 agmen,
608 891 694 976 quod
717 892 859 956 recedere
883 893 1050 976 inceperat,
1076 891 1135 955 sti-

254 1001 368 1087 pendia
375 1003 441 1066 ferb
451 1003 627 1081 emeritum,
635 1004 669 1067 in
680 1004 746 1069 die
756 1004 1013 1068 imminuebatur.
1034 1003 1133 1066 Tem-

254 1113 344 1198 poris,
361 1112 445 1198 apud
459 1117 635 1180 exercitum
646 1117 811 1194 manendi,
820 1116 889 1200 jam
904 1115 1010 1203 exitus
1031 1115 1131 1191 insta-

253 1226 328 1303 bat3
344 1229 455 1309 utque²
468 1207 587 1291 diutius
600 1228 755 1311 stipendia
768 1229 878 1292 mereri
889 1238 1033 1312 pergant,
1044 1227 1132 1292 haud

254 1337 487 1422 ullis'precibus
508 1351 564 1403 aut
584 1340 679 1406 minis
699 1338 806 1424 induci
825 1341 966 1422 quivere.
1009 1339 1133 1425 Apprc-

253 1451 425 1535 pinquante
439 1452 540 1528 hoste,
555 1452 773 1536 imperatorem
794 1449 971 1518 deseruere
1015 1451 1133 1517 Militia

254 1562 552 1645 Pennrylveniensis
567 1563 609 1627 ad
622 1563 760 1647 primurn
776 1584 875 1646 usque
887 1562 973 1627 diem
986 1563 1006 1628 J
1008 1564 1132 1628 anuarii

235 1746 238 1751 ,
254 1677 371 1739 mensis
386 1675 469 1760 apud
479 1660 654 1739 exercituin
663 1695 792 1738 manere
803 1675 946 1755 debebat,
957 1686 992 1741 at
1002 1676 1133 1743 domum

254 1788 429 1853 revertendi
449 1787 561 1872 cupido
581 1799 672 1852 tanta
686 1789 824 1866 incessit,
840 1801 886 1867 ut,
903 1810 1012 1855 corum
1030 1789 1134 1874 prohi-

158 1887 161 1891 ’
254 1901 425 1966 bandorum
440 1901 746 1984 coercendorumque
763 1905 873 1979 causa,
884 1902 1028 1988 praesidia
1042 1903 1133 1967 firma

255 2013 299 2079 ad
311 2036 420 2080 omnes
434 2016 499 2080 fere
515 2015 666 2099 trajectus
683 2015 831 2100 disposita
846 2016 973 2080 fuerint.
1080 2066 1082 2071 .

256 2174 260 2179 -
287 2129 456 2210 vLegiones
469 2129 540 2193 duae
551 2127 770 2209 Trconderogt
781 2148 848 2189 sese
858 2128 1004 2210 recipere,
1015 2137 1047 2190 et
1059 2146 1133 2191 cum

255 2238 499 2319 Washingtonio.
521 2259 638 2319 agmen
653 2238 844 2318 conjungere
856 2237 923 2318 jam
940 2235 1063 2300 dudum
1082 2237 1133 2318 ju-

254 2349 427 2411 bebantur:
455 2359 489 2408 at
503 2346 632 2411 ineunte
655 2367 765 2411 mense
787 2347 963 2423 Decembri,
979 2347 1134 2430 stipendia

255 2458 367 2522 mereri
386 2456 558 2520 desierant.
604 2456 741 2522 Nomina
756 2457 853 2539 igitur
868 2458 954 2542 apud
968 2459 1134 2543 imperato-

255 2590 321 2634 rem
333 2568 439 2634 denuo
451 2569 583 2653 profiteri
597 2569 790 2647 abnuebant,
800 2570 965 2653 omnisque
978 2570 1020 2635 ad
1031 2592 1134 2643 unum

256 2684 387 2748 domum
401 2682 515 2747 abiere.
562 2681 638 2745 Dux
653 2682 726 2759 Lea,
742 2683 796 2764 qui
813 2683 909 2767 copiis
922 2685 986 2748 eois
1000 2685 1132 2770 praefuit,

255 2798 378 2863 flumen
392 2794 631 2880 septentrionale
648 2794 800 2878 trajicere,
816 2817 909 2878 seque
925 2817 1001 2861 cum
1015 2798 1134 2861 exerci-

256 2922 293 2976 tu
314 2908 478 2975 recedente
500 2927 677 2990 aggregare
694 2908 716 2972 a
731 2907 973 2991 Washingtenio
992 2930 1133 2994 saepenu-

255 3030 345 3092 mero
357 3023 524 3106 jubebatur
537 3034 560 3099 3·
570 3031 604 3088 at
615 3020 709 3104 jussis
724 3020 813 3084 haud
825 3022 1051 3104 obtemperavit
1065 3018 1133 3083 dux

256 3134 324 3197 iste.
372 3134 457 3199 Cum
468 3133 575 3216 procul
585 3144 617 3201 et
629 3135 651 3202 a
665 3133 740 3208 suis,
753 3143 785 3196 et
796 3134 836 3194 ab
848 3132 988 3199 hostibus
1000 3132 1131 3210 abesset,

255 3230 281 3311 b
294 3245 451 3309 Britannis
466 3245 700 3312 circumventus
715 3254 886 3326 captusque
901 3243 973 3337 tuit.

253 3405 255 3410 *
301 3355 367 3420 Res
382 3355 493 3420 rhoecce
508 3357 699 3440 suspiciones
714 3355 833 3438 genuit,
844 3334 1133 3449 'illumtseperata

254 3467 518 3536 Americanorum
541 3472 651 3546 causa,
679 3467 721 3531 ad
749 3467 914 3531 Britannos
933 3469 1129 3551 perfugisse.

310 3676 321 3721 t
338 3668 418 3742 thue,
430 3667 1079 3748 {cstsndtbettbepwooldgoontoserveinwffl
