2594 4514
82 408 107 447 2⁸¹

246 379 293 442 tr
502 394 756 443 arrsurrrcrorrrr
772 374 865 440 surr.

247 541 413 620 custodita,
430 550 564 626 caperet.
611 540 737 618 Horten,
753 539 862 602 multis
876 536 1058 602 vulneribus
1072 557 1126 604 ac-

244 655 346 738 ceptia
369 663 401 716 at
423 652 528 730 illatis,
544 651 749 736 pluribusque
769 650 926 715 laboribus
948 660 980 712 et
995 649 1127 714 difficul-

249 765 366 826 tatibus
378 767 504 827 summa
516 764 642 842 virtute,
652 774 684 826 et
696 764 849 849 patientia
860 763 952 841 mira,
962 762 1126 846 superatis,
1145 753 1149 760 ’

244 876 313 940 -vcti
335 887 492 959 compotes
515 875 644 941 tandem
665 876 761 940 facti:
785 874 899 952 multa,
922 885 1041 951 tamen,
1058 874 1128 938 vul-

245 1008 327 1050 nera
340 1000 479 1073 accepta,
493 989 570 1054 dum
585 1009 653 1052 aare
669 988 711 1053 ad
725 1010 824 1053 naves
837 987 1037 1070 recipiebant.

292 1099 362 1164 Etsi
386 1122 440 1163 ver
461 1101 530 1186 jam
553 1104 619 1167 fere
644 1113 797 1165 exactum
820 1103 935 1176 fuerat,
960 1098 1127 1178 exercitus,

245 1222 370 1290 tamen,
398 1213 598 1277 Britannicus
625 1214 659 1277 in
689 1214 791 1276 aciem
816 1211 933 1288 venire,
961 1209 1128 1294 hostesque

249 1326 352 1410 praelio
366 1325 532 1404 lacessere,
548 1336 701 1410 apparatu
717 1325 869 1389 castrensi
883 1323 1058 1400 deficiente,
1073 1336 1129 1389 nt‘

243 1437 359 1518 ¹quivit.
407 1438 522 1501 Haecca
544 1436 687 1500 hostium
709 1456 806 1513 mora,
823 1435 865 1507 ad
886 1435 1000 1498 bellica
1011 1435 1129 1521 instru-

243 1558 368 1625 menta,
377 1558 624 1633 apparatumque
634 1567 761 1611 omnem
772 1547 1006 1632 expediendum
1016 1550 1130 1636 paran-

249 1657 402 1742 dumque,
410 1657 653 1742 Waahingtonio
663 1672 799 1745 tempus,
807 1659 979 1743 otiumque,
987 1654 1128 1744 praefinit

245 1752 320 1834 'Etsi
341 1772 470 1856 imperio
492 1783 582 1837 extra
603 1772 758 1837 ordinem¹
778 1794 799 1837 a
814 1773 983 1836 civitatum
997 1770 1131 1836 foedara-

250 1894 356 1950 tarum
369 1886 629 1950 Americanarum
644 1885 833 1970 congressu,
849 1906 926 1949 voce
940 1889 1009 1949 unt
1018 1885 1133 1949 hones·

249 2007 335 2061 tatus
347 2001 460 2075 fuerat,
468 1997 649 2076 continere,²
661 2009 849 2076 tamen,eos,
858 1999 912 2081 qui
924 1997 1055 2061 nomina
1061 1996 1131 2081 jam

249 2107 426 2188 dederant,⁸
441 2110 558 2193 quique
570 2093 728 2194 stipendia
742 2112 814 2195 jam
828 2112 910 2195 pene
923 2112 1129 2186 meruerant‚⁴

250 2220 470 2284 difficillimum
484 2224 572 2283 factu
587 2221 708 2304 reperit.

243 2327 262 2370 -’
294 2329 346 2407 Ut,
364 2342 482 2407 tamen,
498 2329 618 2394 diutins
644 2329 731 2413 apud
751 2330 928 2393 exercitum
953 2341 1130 2409 manerent,

243 2441 344 2526 -pauci
367 2443 388 2505 a
409 2441 560 2524 praefectis
582 2442 647 2503 suis
670 2442 831 2523 aegerrime
845 2439 989 2518 inducti;
1013 2435 1130 2525 plures,

251 2564 371 2631 tamen,
386 2575 447 2638 prae
472 2552 561 2616 ducis
576 2555 707 2630 amore‚⁸
729 2553 763 2614 in
778 2552 875 2616 armis
889 2573 968 2630 esse,
983 2553 1132 2637 patriam·

251 2683 314 2750 que
325 2667 405 2730 tueri
415 2678 446 2731 et
453 2664 618 2730 defendere
629 2665 716 2729 haud
723 2665 944 2748 gravabantur.
962 2667 1131 2750 Magnum,

251 2789 346 2857 certe,
363 2779 448 2864 apud
462 2778 637 2863 populares·
653 2777 890 2861 Washingtonii
910 2798 1026 2843 nomen
1048 2779 1133 2843 mul·

245 2895 321 2956 'tum
334 2913 413 2977 saepe
427 2892 506 2955 alias
520 2891 651 2975 profuit:
675 2911 771 2969 nunc,
783 2901 900 2969 autem,
911 2891 988 2974 quin
1001 2892 1130 2955 domum

283 3073 293 3106 1
307 3067 384 3124 Extra
393 3068 500 3127 udinem,
512 3063 708 3128 “extraordinary
718 3066 821 3129 power?
831 3081 858 3114 or
866 3062 1000 3113 command.

283 3150 295 3184 ἱ
313 3143 439 3203 Gentium,
450 3148 474 3191 to
483 3142 545 3206 keep
554 3157 581 3191 or
589 3139 645 3190 hold
655 3140 767 3206 together.
876 3178 879 3183 .

283 3225 295 3260 ⁸
310 3219 468 3282 Nauiacjcm
478 3220 591 3279 &tamt
601 3217 677 3266 “who
685 3215 733 3266 had
742 3214 842 3264 anliated
852 3232 879 3264 aa
889 3214 1008 3264 soldius?
1048 3269 1050 3276 ¹

283 3302 295 3337 ⁴
313 3295 411 3356 Quicue,
424 3297 473 3355 ba,
484 3293 552 3344 “aad
562 3294 618 3348 who
626 3293 674 3344 had
684 3309 739 3343 now
749 3292 835 3342 almost
844 3278 975 3356 cirmpleted
984 3291 1024 3340 tha
1033 3297 1094 3343 term
1102 3285 1132 3344 es

228 3367 314 3443 u'their
323 3369 471 3418 enlistmenta
480 3373 503 3418 :”
519 3385 560 3419 aee
569 3371 635 3420 what
643 3371 687 3420 baa
696 3371 758 3420 been
768 3366 820 3418 uid
828 3384 860 3418 on
870 3368 910 3418 the
919 3383 985 3418 noun
994 3370 1132 3432 stipendium

232 3446 244 3463 ''
250 3449 279 3499 in
289 3445 417 3513 preceding
425 3452 499 3495 noter.

284 3533 296 3568 r
312 3525 367 3574 Pru
378 3524 443 3571 ducta
450 3537 531 3585 amora,
541 3525 605 3573 “out
613 3523 698 3574 oflora
706 3522 742 3574 for
750 3520 810 3572 their
818 3520 939 3588 genetur

285 3610 296 3644 ⁸
311 3601 441 3666 Populares,
451 3602 501 3663 ta,
511 3598 548 3649 bia
563 3608 631 3666 great
639 3599 778 3668 reputaticn,
788 3607 814 3651 tt
828 3599 897 3663 least,
907 3598 966 3650 with
973 3597 1011 3650 bic
1019 3606 1130 3670 country·

255 3694 319 3730 man.
