2594 4514
467 250 494 319 a,

458 407 710 464 wisamarum
733 412 828 457 vrri..
1039 396 1082 459 6³

200 551 304 615 muita
313 570 483 635 perpessus,
491 553 620 637 plusque
628 565 714 640 parte
725 556 818 620 tertia
827 555 965 632 militum
975 559 1081 621 morbo

201 675 235 726 et
249 663 420 758 desertione
436 664 554 742 attrita,
569 667 711 731 tribunus
726 667 896 732 Amoldius
911 668 954 730 ad
975 679 1080 752 partes

188 774 342 839 'Canadae
355 776 523 853 habitatas,
536 798 592 845 aex
602 779 871 843 hebdomadarum
884 781 995 844 itinere
1006 802 1081 844 con-

201 887 596 973 sectatandempervanit.
638 891 1082 959 Canadaeincclaeexarcitum

201 1021 244 1065 ex
257 1012 356 1064 vasta
372 1002 492 1085 gremio
507 1002 683 1066 solitudinis
700 1025 858 1086 emergere
871 1006 964 1070 valde
977 1017 1081 1090 stupe·

201 1113 298 1191 bant;
325 1113 445 1178 eadem.
461 1135 536 1177 cum
557 1094 767 1193 humanitate,
790 1121 855 1199 qua
876 1117 1082 1181 Americanoa

200 1226 335 1308 reliquos
351 1235 572 1305 tractaverant,
589 1225 730 1297 advenas
744 1229 887 1313 excipere
902 1228 1081 1307 instituunt,

200 1338 422 1422 famelicosquc
433 1339 548 1403 milites
559 1340 703 1403 omnihus
713 1342 806 1403 rebus
817 1341 998 1404 necessariis
1009 1362 1083 1426 aup-

200 1449 393 1536 peditabant.
931 1526 933 1531 ¹

265 1564 436 1631 Arncidius
471 1564 715 1641 declarationem
753 1587 825 1651 ceu¹
847 1566 1084 1650 expositionem,

201 1674 436 1760 Washingtonii
449 1678 585 1756 nomine,
601 1676 718 1755 edidit;
742 1677 862 1741 incolas
876 1676 1084 1741 Canadenaes

202 1809 270 1851 sese
292 1790 421 1862 coloniis
442 1789 602 1853 foederatis
616 1802 654 1853 ut
669 1790 836 1868 asciscant,
852 1791 1026 1872 martiaque
1044 1790 1084 1853 ab

202 1897 381 1979 libertatem
390 1899 613 1964 Americanam
626 1901 799 1985 pugnando
811 1902 944 1965 vulnera
959 1904 1084 1986 patian-

204 2019 265 2086 tur,
278 2009 483 2072 vehementur
497 2012 606 2075 suasit.
651 2011 794 2076 Amcldii
809 2024 995 2096 conspectus
1009 2024 1084 2076 ante

206 2122 336 2198 Quebec
351 2121 523 2206 oppidanos
533 2123 627 2188 valde
641 2123 853 2187 consternavit
866 2148 876 2198 ;
891 2135 925 2186 at
935 2125 1085 2207 quoniam

203 2245 362 2299 tormenta
382 2235 501 2320 majora
516 2257 610 2319 agere
625 2258 799 2320 secumque
814 2237 922 2300 afferre
937 2237 1087 2319 nequires

203 2360 262 2428 rat,
274 2326 389 2426 ¹aditus,
404 2348 457 2433 qui
481 2350 522 2414 ad
542 2351 653 2413 urbem
677 2349 849 2429 ducebant,
863 2350 1085 2415 tantummode

203 2482 369 2546 ¹compare,
384 2463 559 2547 copiasque,
574 2483 654 2546 quas
669 2464 755 2526 sortia
772 2464 996 2548 Montgcmery
1003 2463 1085 2527 duc·

184 2579 187 2588 '
203 2575 302 2652 tabat,
318 2585 482 2658 expectare
499 2575 671 2651 constituit.

250 2686 432 2768 Imperatori
453 2685 499 2748 illi
513 2686 622 2749 multis
644 2707 719 2750 cum
734 2685 969 2754 difficultatibus
989 2688 1086 2752 simul
1131 2684 1137 2697 ’

206 2805 275 2859 erat
294 2794 538 2876 confligendum,
553 2819 687 2880 quarum
707 2800 863 2883 precipua
877 2809 945 2861 erat
967 2800 1086 2862 exerci-
1187 2786 1197 2809 ⁴

207 2913 259 2973 tds
285 2905 424 2983 licentia,
447 2907 501 2990 qui
529 2928 571 2970 ex
599 2901 789 2987 hominibus,
813 2910 932 2971 nullius
957 2908 1087 2993 imperio

206 3022 419 3104 obtemperare
443 3018 585 3096 arcuatia,
601 3031 633 3081 et
654 3021 676 3084 a
697 3020 863 3103 disciplina
883 3018 1010 3083 militari
1032 3022 1086 3085 ab·

207 3133 428 3210 horrentibua¹
457 3132 620 3196 conflatus.
673 3133 843 3196 Summam
875 3131 1084 3214 vigilantiam,

208 3246 400 3324 comitatem,
421 3245 676 3330 facundiamque,
691 3243 807 3309 milites
824 3263 976 3322 coercere,
990 3257 1023 3309 et
1043 3245 1084 3311 ad
1175 3249 1177 3254 “

205 3341 326 3445 juatdin
337 3359 533 3444 disciplinam
543 3379 696 3435 revocare,
708 3355 892 3442 postulabat.
927 3357 1087 3440 Magnan-

208 3473 323 3551 imitas,
339 3479 459 3552 tamen,
474 3483 507 3535 et
529 3471 694 3557 prudentia
716 3447 937 3554 Montdcmerii
953 3469 1087 3533 tandem

303 3697 313 3733 1
327 3691 514 3742 abhorrentibus.
543 3693 559 3722 ‘¹
566 3689 659 3741 Aversa
668 3687 728 3739 irem
736 3687 839 3755 rriiitary
845 3684 991 3750 &caprinae
