2594 4514
449 389 700 437 wssuruorourr
724 391 810 435 vrrs.
1007 371 1070 434 alo
1218 398 1227 411 ·

191 555 277 598 meos
290 534 403 618 primos
415 535 655 618 reprehensuros
671 536 802 599 minime
816 533 945 597 dubito:
962 532 1070 615 siquis,

192 659 311 724 autem,
327 648 400 711 vere
425 646 543 724 doctus,
565 660 597 710 et
621 648 660 711 de
684 647 780 710 literis
805 647 961 711 Romanis
987 646 1070 710 bene

190 760 331 837 meritus,
347 760 461 843 scripta
483 780 556 822 mea
570 760 701 823 laudare
716 761 874 843 dignetur,
889 780 987 843 opera
1003 779 1070 842 pre·

191 873 272 935 tium
287 894 338 935 me
354 884 488 935 nactum
504 894 572 935 esse
587 873 714 956 putabo.
982 868 984 873 ’

236 985 427 1048 Civitatum¹
442 984 668 1048 foederatarum
682 985 946 1050 Americanarum
966 983 1071 1047 litera-

189 1108 295 1159 turam
322 1098 356 1159 iu
384 1097 488 1181 majus
515 1118 693 1182 promovere
724 1098 871 1160 conabar.
917 1097 1072 1161 Juvenes'

189 1221 344 1274 nostrates
356 1211 413 1274 viri
434 1211 568 1274 maximi
582 1231 679 1293 quem
698 1221 780 1272 terra
798 1231 942 1293 unquam
958 1210 1072 1273 extulit

190 1324 290 1386 vitam
305 1322 404 1388 latine
420 1335 586 1385 exaratam
605 1323 765 1407 perlegere
780 1323 876 1385 volui.
924 1322 1019 1397 Quod
1034 1321 1071 1399 si,

190 1435 229 1498 de
254 1434 410 1499 laboribus
426 1436 538 1499 nostris
552 1437 635 1498 bona
650 1435 781 1499 fecerint
804 1434 917 1498 eruditi
939 1434 1071 1518 judicia,

189 1568 315 1616 summo
329 1570 386 1611 nos
400 1548 517 1611 honore
533 1549 659 1610 affectos
680 1547 939 1610 existimabimus.

235 1660 362 1738 Gratia,
385 1661 521 1745 insuper,
541 1660 699 1737 maxima,
714 1660 744 1723 J.
761 1659 801 1722 N.
818 1657 990 1741 Reynolds,
1007 1657 1072 1721 exi·

189 1772 260 1835 miae
274 1773 340 1855 spei
353 1772 554 1850 adolescenti,
566 1774 679 1836 merito
692 1783 724 1834 et
735 1772 806 1854 jure
819 1771 974 1834 debentur
986 1793 995 1848 ;
1017 1770 1073 1853 qui

191 1883 312 1967 primus
327 1882 369 1944 ed
380 1883 617 1964 Washingtonii
630 1884 729 1945 vitam
744 1882 860 1946 Latine
876 1882 1074 1945 scribendam

191 2014 248 2057 nos
262 1994 409 2076 impulit:
434 2014 492 2056 nec
507 2015 564 2056 nos
579 1993 696 2055 hortari
711 1993 840 2069 destitit,
857 2015 959 2074 usque
983 1993 1072 2069 dum,

191 2110 284 2189 opere*
304 2105 433 2168 tandem
454 2108 599 2189 perfecto,
616 2116 776 2167 auctorem
800 2105 985 2166 muneribus
1005 2124 1074 2167 am-

191 2218 336 2301 plissimis
352 2229 535 2302 prosecutus
549 2218 599 2281 sit.

222 2414 231 2449 1
251 2409 381 2470 bleldam,
393 2412 442 2469 dfe,
453 2408 487 2456 “I
503 2407 651 2457 eudeavored
667 2414 691 2456 to
701 2407 809 2456 advance
818 2407 859 2456 dre
867 2406 987 2456 literature
997 2405 1025 2455 os
1035 2406 1075 2456 the

190 2483 280 2534 United
295 2486 375 2534 States
385 2484 413 2534 of
424 2483 545 2546 America,
555 2485 587 2549 by
597 2483 726 2549 impartiug
734 2491 759 2534 to
768 2483 843 2549 youth
856 2499 872 2532 a
881 2490 943 2533 teste
957 2482 993 2533 sor
1007 2482 1074 2532 reed-

190 2560 234 2627 ing
243 2561 283 2610 the
292 2561 331 2610 life
340 2561 368 2610 of
379 2578 394 2609 a
404 2569 471 2626 great
480 2577 545 2622 man,
556 2562 650 2612 written
660 2561 685 2611 in
695 2579 711 2610 a
719 2561 809 2626 foreign
819 2561 961 2626 longuage.”

222 2647 234 2680 2
248 2639 354 2698 Juoeaes,
364 2640 414 2699 dyc,
425 2638 456 2686 “I
467 2638 558 2687 wished
574 2640 627 2688 that
640 2639 680 2688 the
694 2640 768 2703 youth
782 2639 811 2688 of
821 2655 865 2687 our
878 2646 979 2702 country
989 2637 1076 2689 should

192 2713 248 2764 read
263 2730 278 2761 a
292 2713 339 2773 life,
349 2712 442 2762 written
457 2713 482 2761 in
492 2714 572 2776 Latin,
583 2714 611 2764 os
621 2714 662 2763 the
672 2721 777 2778 grestem
790 2731 848 2764 man
858 2713 939 2764 which
953 2715 993 2764 the
1008 2712 1076 2763 earth

193 2805 249 2839 over
264 2787 405 2853 produced.”
436 2790 565 2853 Nostrates,
575 2806 657 2840 comes
666 2789 726 2839 from
741 2791 782 2840 the
789 2794 874 2854 parsu
883 2807 910 2841 or
921 2793 1006 2854 gentile
1021 2805 1075 2854 pro·

193 2881 260 2918 noun
268 2871 365 2915 aarum
