2594 4514
411 418 662 466 ursmnorosrr
685 417 773 464 viru.
992 396 1035 460 79

100 608 101 613 1
154 571 254 626 rexit.
293 561 354 624 His
364 573 455 624 extra
466 564 606 626 hostium
620 574 808 648 potestatem
820 561 935 646 positis,
946 560 1034 624 mille

156 673 309 738 ducentos
323 673 468 735 homines
481 674 714 739 Priueetoniam
728 676 820 738 misit·
829 674 1035 756 Washingto-

155 786 237 863 nius,
252 785 307 869 qui
321 785 463 849 hostibus
476 786 637 850 resistendi
651 788 786 872 speciem
806 788 989 871 preberent,
1004 796 1037 847 et

155 899 222 984 ipse
244 919 318 962 cum
341 898 471 962 duobus
486 898 654 962 hominum
682 900 830 976 millibus,
853 898 909 982 qui
937 916 1038 982 nuper

156 1010 320 1094 conscripti
335 1023 434 1088 erant,
450 1011 709 1093 subsequebatur.

167 1165 170 1171 -
199 1123 390 1207 Priusquam
412 1123 645 1187 Princetoniam
660 1133 800 1200 venerat,
815 1123 971 1185 nuncium
985 1142 1039 1187 ac-

156 1237 248 1321 eepit,
264 1243 285 1274 ‘⁴
296 1236 492 1314 Comwallis,
508 1236 603 1321 copiis
618 1235 824 1298 auxiliaribus
843 1234 952 1296 multis
967 1255 1039 1298 mu-

155 1349 271 1426 nitum,
287 1349 461 1413 Brunsvico
486 1347 615 1412 diversis
638 1346 803 1411 itineribus
828 1345 987 1430 proficisci,
1008 1357 1041 1408 et

156 1460 192 1525 in
205 1461 307 1525 aciem
322 1473 513 1545 postremam
528 1461 684 1545 impetum
699 1462 804 1523 facere
819 1458 932 1522 velle.”
980 1457 1042 1520 Ce-

155 1569 213 1637 leri
235 1586 363 1658 receptu
385 1594 464 1659 opus
479 1574 550 1652 fuit,
570 1585 612 1650 et,
629 1573 680 1636 die
706 1571 892 1636 Decembris
917 1581 1041 1648 octavo,

157 1686 352 1764 Americani,
368 1686 410 1749 sd
424 1707 526 1750 unum
545 1687 731 1763 incolumes,
747 1687 869 1749 flumen
894 1684 1044 1748 Delawa-

157 1798 260 1861 riense
274 1797 435 1861 transiere.
481 1798 625 1882 Scaphae
641 1817 751 1860 omnes
773 1796 1044 1879 Washingtonius

158 1904 201 1969 cd
210 1908 312 1988 ripam
322 1907 455 1969 alteram
467 1902 609 1964 fluminis
617 1901 783 1982 deligatas,
795 1904 953 1985 occupari,
967 1925 1044 1986 pon.

159 2019 283 2101 tesque¹
298 2016 331 2079 in
346 2015 405 2077 viis
421 2012 463 2077 ad
484 2013 567 2095 ripas
582 2012 754 2076 contrarias
769 2013 965 2091 ducentibus,
981 2035 1045 2077 res-

159 2130 254 2209 cindi,
271 2129 440 2213 copiasque
463 2125 505 2189 ad
518 2125 602 2189 vada
619 2124 726 2189 omniu
741 2125 889 2190 constitui
903 2137 936 2189 et
951 2125 1045 2189 collo·

159 2246 224 2311 cari
236 2244 342 2330 jussit.

203 2358 293 2423 Adeo
315 2356 428 2421 acriter
449 2355 694 2439 insequebantur
708 2353 827 2432 hostes,
842 2364 878 2416 ut
893 2354 977 2438 prius
992 2373 1046 2416 eo·

160 2482 232 2534 rum
254 2471 338 2535 acies
360 2469 475 2553 prirna⁸
488 2468 523 2532 in
543 2479 747 2552 conspectum
761 2466 858 2543 venit,
874 2468 974 2549 quam
989 2487 1046 2529 ex·

160 2583 275 2647 ercitds
291 2581 471 2645 recedentis
494 2602 612 2664 agmen
634 2579 842 2643 novissimum
862 2578 999 2662 scaphas
1013 2588 1047 2642 et

160 2693 293 2774 navigia
314 2692 555 2756 conscendisset.
602 2692 752 2755 Britones
765 2690 906 2754 exercitu
921 2689 1047 2754 Ameri-

163 2824 245 2868 cano
260 2802 300 2866 de
322 2806 407 2865 nove
423 2803 568 2866 casarea
590 2803 732 2886 expulso,
748 2803 856 2884 copias
871 2799 913 2864 ed
926 2800 1048 2864 flumen

163 2914 411 2989 Delawariense,
433 2913 498 2974 hue
522 2913 609 2990 illuc,
637 2914 854 2996 disponebant,
878 2919 910 2971 et
938 2930 1048 2973 eorum

162 3028 317 3114 manipuli
340 3047 449 3090 omnes
464 3025 498 3088 in
513 3035 616 3110 partes
630 3026 761 3109 impune
782 3023 871 3085 ibent
889 3021 1048 3086 redibant·
1110 3036 1113 3041 ·
1189 3002 1230 3135 ew*
1249 3062 1279 3133 t,

161 3126 235 3228 que.
281 3142 324 3207 Ut
339 3139 475 3225 scaphas
490 3149 548 3203 aut
562 3138 700 3219 navigia
718 3136 983 3219 nanciscerentur,
999 3136 1049 3200 in.

165 3259 292 3322 cassum
322 3255 524 3317 elaboratum.
577 3249 1047 3334 Nonnullos,4ptiem,·pontes,

165 3371 219 3454 qui
234 3371 275 3432 ab
287 3367 487 3434 Americanis
502 3365 719 3429 recedentibus
734 3363 828 3429 modo
843 3363 964 3427 rescissi
979 3364 1049 3426 fue·

165 3481 1050 3513 -----·----—-—---—·.-·-·

196 3551 356 3611 thtesque,
368 3551 435 3610 4e,‘
437 3545 498 3597 ‘ond
513 3546 553 3594 the
568 3544 703 3608 bridgeson
718 3543 759 3592 tire
774 3542 844 3594 roedr
859 3534 1049 3637 lecffin¹glqdn

167 3621 576 3689 morimundensi
586 3619 782 3687 Pennsylvenia.)
997 3632 1018 3657 ‚-

199 3708 212 3744 ¹
225 3701 409 3763 ΔΝΜ(
414 3701 553 3750 durrat
