2594 4514
205 314 221 371 ὲ
243 310 256 337 U

219 326 266 395 Ι·
425 418 674 469 wrsnrnononu
697 422 785 468 vm.
981 402 1044 466 202

137 598 149 621 ι
168 567 218 631 uti
239 565 329 630 navis
350 564 447 648 leriga
469 566 671 646 Amet-icona,
691 587 771 630 eum
793 564 835 630 ed
861 573 1045 629 orestem

172 677 320 742 columbi
331 677 468 752 vehendi
481 679 824 758 eause,.dimitteretur.
863 679 1045 745 Americani

169 810 279 852 omnes
293 790 379 854 hune
395 800 461 853 tem
477 791 599 854 clarum
612 803 878 876 propugnatorem
883 805 922 856 et
936 793 1045 857 terena

169 921 270 966 sorem
284 901 434 965 libertatis
449 902 554 966 videre
568 902 844 970 vehementissime
858 907 999 990 eupiunt.

169 1057 174 1064 -
213 1012 358 1088 Quotsi
380 1035 524 1097 unquam
547 1014 589 1079 ad
611 1037 680 1079 oras
699 1018 905 1098 Americanes
924 1018 977 1081 ille
998 1017 1045 1081 vir

169 1123 307 1207 inclytus
329 1126 875 1210 appueriahmerieani,liberrate¹
895 1133 1044 1207 fruentes,

168 1240 263 1322 opera
284 1238 353 1322 ejus
363 1240 516 1305 ‚maxime
539 1244 640 1324 partt,
653 1241 888 1324 Washingtonii
903 1243 1046 1307 amioum

169 1351 405 1416 etfamiliarem
419 1353 583 1430 eximium,
599 1353 715 1417 honore
730 1375 864 1432 summo,
878 1354 1047 1439 proculdue
1071 1400 1084 1417 f

168 1461 229 1540 bie,
243 1475 478 1549 prosequentur.
517 1465 654 1548 Nosque,
669 1466 775 1530 inhhe
790 1469 951 1551 republiob
966 1467 1046 1533 Obi-
1110 1474 1141 1493 “’
1177 1534 1187 1565 s
1236 1528 1265 1581 Ι.

168 1575 309 1661 oenstp
330 1587 360 1640 te
433 1579 566 1642 statibus
588 1590 621 1643 et
641 1580 731 1645 bellis
753 1581 911 1666 Europoeis
938 1580 1047 1665 prooul

168 1689 300 1766 amoti,¹,
314 1691 377 1773 aliq
411 1680 443 1770 d,
473 1693 577 1756 virum
604 1692 703 1756 telem
732 1693 906 1758 honorandi·
935 1696 1046 1772 cause,

168 1800 335 1883 scripsisse,
357 1803 451 1869 valde
477 1807 639 1887 gestimus.
682 1806 796 1878 ‘Quod’
819 1809 846 1868 si
861 1807 962 1879 ‚illum
986 1827 1047 1870 un·

169 1931 267 1994 quem
282 1913 418 1998 aspicere
427 1917 516 1979 nobis
526 1917 608 1979 conti
613 1918 704 1998 gerit,
714 1938 811 1999 quam
824 1928 950 1999 gratum
959 1938 1047 2000 spee-

169 2026 315 2088 taeulum
337 2027 436 2090 oculis
459 2029 574 2091 nostris
594 2029 759 2091 offeretur!
806 2027 899 2089 Tune
915 2029 1047 2094 sortasse

169 2158 244 2201 eum
265 2160 407 2203 sermone
431 2140 554 2204 Gallico
577 2140 694 2222 alloqui
711 2150 743 2201 et
757 2135 944 2219 compellare
959 2139 1048 2202 nobis

168 2232 282 2314 licebit
327 2253 504 2330 Libertatis,
530 2254 626 2331 enim,
651 2260 804 2315 amatores
832 2270 944 2312 omnes
970 2272 1047 2329 eum

166 2363 284 2429 honore
299 2387 426 2430 summo
441 2366 583 2451 prosequi
598 2362 721 2426 debent.

212 2477 287 2555 Alii,
303 2477 439 2562 insuper,
455 2480 583 2540 suerunt
598 2474 694 2552 Galli,
706 2474 760 2557 qui
774 2476 889 2539 mertia
898 2477 937 2540 ob
947 2477 1046 2542 Ame-

169 2589 267 2652 ricam
296 2566 466 2671 pugnando
488 2589 621 2652 vulnera
643 2588 746 2670 possi:
781 2593 844 2651 eos⁴
874 2590 1047 2671 gratiarum

169 2700 293 2763 actione
307 2699 457 2780 dignatus
473 2709 519 2760 est
536 2699 739 2780 Congressus.
766 2700 954 2777 Ludovicus,
970 2723 1048 2784 quo-

171 2808 243 2896 que,
260 2810 370 2873 Galliae
392 2829 457 2885 rex,
481 2809 598 2892 optime
621 2810 659 2872 de
683 2811 826 2876 libertate
842 2813 1047 2890 Americenb,

170 2926 254 2988 certe
269 2922 397 2985 meritus
412 2930 469 2996 est,
485 2921 550 3001 qui,
566 2921 726 2983 Britannis
742 2925 825 2984 terra
840 2923 981 3004 marique
994 2944 1047 3006 po-

201 3114 210 3147 1
226 3106 347 3165 Libertate,
355 3106 404 3163 ba,
413 3100 545 3167 “enjoying
551 3101 641 3166 liberty,
648 3100 866 3166 obtainedohiefly,
872 3103 1046 3170 byhismeans,

170 3182 227 3243 will,
237 3181 367 3241 doubtless,
377 3179 460 3244 highly
470 3180 545 3228 honor
560 3179 600 3228 the
615 3179 698 3229 ehoioe
712 3178 788 3228 friend
805 3179 855 3228 and
869 3179 968 3230 familiar
982 3199 1046 3232 oom-

171 3259 259 3324 psnion
268 3257 488 3321 osWesinngton”

202 3337 311 3396 shown,
329 3338 378 3396 dfe,
394 3333 451 3383 “lar
469 3333 578 3384 removed
596 3334 657 3384 from
671 3335 712 3384 the
729 3333 803 3398 (civil)
820 3335 980 3399 commotione,
998 3336 1047 3388 eud

170 3427 235 3462 were
244 3411 272 3461 of
275 3413 377 3476 Europe,
388 3411 481 3476 greatly
488 3411 571 3476 rejoica
580 3420 606 3461 to
615 3412 675 3460 have
681 3411 773 3461 written
784 3413 938 3486 something,”
947 3416 990 3464 &e

202 3497 214 3532 s
231 3490 305 3550 Quod,
318 3493 366 3550 be,
378 3493 392 3516 “
399 3491 441 3538 but
450 3488 471 3537 is
480 3489 499 3538 it
513 3489 596 3538 should
611 3504 666 3537 ever
675 3489 770 3553 huppen
781 3496 805 3538 to
814 3505 853 3538 me
862 3497 886 3539 to
895 3489 979 3539 behold
989 3488 1045 3551 him,

172 3565 212 3616 La
220 3565 327 3630 Fayette,
338 3566 392 3615 how
402 3566 502 3632 grateful
513 3566 654 3631 aspectaele
664 3565 711 3615 will
722 3568 750 3616 be
759 3566 846 3616 offered
855 3574 927 3631 tomy
937 3568 1016 3628 eyes.”

203 3649 215 3684 ⁴
230 3641 283 3702 llos,
294 3642 436 3708 “Congress
445 3643 591 3697 uoiwhsaled
598 3643 663 3694 than
674 3643 801 3706 theotber
808 3643 903 3694 Freueh
917 3642 1047 3706 offionsle

171 3723 228 3768 m
237 3715 379 3773 ,summe
951 3725 954 3731 “
1000 3742 1003 3753 .
