2594 4514
482 383 740 468 wasnmcronn.
756 420 850 464 rma
968 473 969 476 Ἴ
1063 400 1110 462 db*

225 584 437 650 annorumque
449 587 638 650 magnorum
653 565 788 630 aviditas
801 564 868 641 illa,
883 562 1104 647 intrepiditate,

225 702 294 766 quae
310 679 448 764 pericula
463 680 570 741 omnia
583 680 676 743 nihili
691 679 828 764 pendere
844 677 1003 752 monebat,
1018 678 1106 738 fove-

224 795 325 858 batur.
372 792 509 869 Sciebat,
526 792 622 869 enim,
638 793 754 875 copias,
770 812 849 873 quas
863 801 935 853 turn
957 788 1104 864 ducebat,

225 926 416 989 quocunque
445 905 498 968 via
522 905 756 981 monstraretur,
784 905 914 966 summa
927 899 934 908 ”
943 901 1107 964 alacritate

225 1028 406 1081 secuturas:
423 1018 545 1095 urbem,
557 1018 677 1100 itaque,
688 1038 882 1111 expugnare,
894 1028 951 1079 aut
956 1016 1107 1080 decoram

224 1140 329 1215 petere
344 1150 398 1214 per
412 1131 545 1193 vulnera
560 1142 706 1207 mortem,
720 1129 868 1193 decrevit.
894 1130 897 1134 ’

268 1244 336 1306 Sub
351 1243 470 1306 mensis
486 1243 790 1319 Decembrisfinem,
806 1262 891 1304 anno
906 1248 1000 1324 supra
1015 1239 1109 1317 dtcto,

226 1354 267 1418 ad
289 1356 573 1439 expugnationem,
589 1356 692 1441 prima
706 1356 789 1433 luce,
806 1354 983 1418 exercituin
1007 1352 1110 1433 duxit,

225 1480 325 1552 utque
341 1471 580 1534 aemulationem
596 1470 690 1555 copiis
704 1469 947 1555 provincialibus
961 1467 1111 1550 injiceret,

226 1583 422 1666 oppugnatio
437 1582 557 1668 duplex
572 1594 650 1660 erat,
668 1604 806 1666 quarum
822 1603 898 1660 una,
915 1583 936 1646 b
958 1581 1114 1643 militibus

226 1693 441 1787 Novarpglicis,
459 1696 602 1774 Arnoldii
624 1696 736 1774 ductu,
753 1697 889 1760 alterna
912 1694 1007 1779 copiis
1029 1693 1114 1757 Neo-

226 1804 491 1883 Ehoracensihus,
501 1828 582 1900 quas
591 1809 778 1870 fortissimus
789 1807 1041 1890 Montgomerius
1053 1805 1113 1868 du-

228 1916 320 1976 cebat
332 1915 409 1997 ipse,
421 1918 516 1978 facta.
563 1918 773 1999 semita-qud
786 1919 1016 2000 Montgomerio
1031 1917 1115 2000 copi-

228 2025 319 2108 isque
335 2025 575 2087 succedendum
590 2037 667 2104 erat,
683 2020 876 2110 perangusta
890 2030 962 2105 fuit,
979 2040 1022 2106 et,
1037 2049 1117 2110 quo·

229 2137 328 2214 niam,
342 2135 458 2199 virtute
471 2139 615 2201 maxime
631 2139 752 2202 eximib
766 2160 845 2222 opus
860 2142 924 2202 fore
941 2141 1067 2215 sciebat,
1082 2139 1115 2201 in

228 2249 289 2313 hoc
315 2248 470 2314 molimen
491 2251 674 2314 fortissimos
697 2267 838 2334 quosque
859 2253 941 2316 viros
964 2252 1116 2334 elegerat.

229 2363 315 2426 Inter
326 2362 544 2447 largissimum
555 2364 637 2427 nivis
648 2363 780 2428 imbrem
793 2363 835 2427 ad
845 2365 1115 2449 oppugnationem

228 2477 398 2560 processit:
423 2476 531 2560 primis
554 2477 713 2545 claustris¹
728 2478 838 2563 captis,
854 2478 889 2541 in
912 2472 1018 2540 hostes
1040 2497 1116 2540 cum

229 2588 326 2672 copiis
340 2588 442 2665 irruit,
455 2609 665 2672 pugnamque
679 2589 823 2654 cominds
836 2611 995 2653 conserere
1010 2601 1118 2652 matun

230 2700 323 2763 tavit.
371 2699 520 2763 Claustra
548 2703 700 2780 secunda,
727 2724 798 2785 quae
824 2702 866 2766 ad
891 2703 975 2765 urbis
1000 2705 1120 2786 portas*
1195 2771 1223 2801 Η,
1257 2734 1282 2769 ·.

232 2812 334 2874 roota⁸
347 2809 513 2887 ducebant,
527 2814 653 2876 munita
662 2816 751 2876 firmo
763 2813 913 2898 praesidio,
925 2813 1116 2893 militesque,

264 3007 412 3056 tolentes„
443 3005 481 3069 By
495 3003 543 3054 thia
562 3020 601 3054 we
620 3005 773 3069 understand,
790 3006 815 3055 in
835 3005 875 3055 the
894 3011 989 3070 present
1007 3021 1120 3071 W»

233 3082 382 3133 “bardesan

264 3162 382 3210 aPortas.
414 3158 1120 3226 “Geta‘’nomuenmptemnsitiveverbporntcarr„

233 3239 338 3300 bocum
348 3236 387 3286 dte
396 3237 505 3287 Romans
512 3236 538 3287 in
545 3237 676 3303 ploughing
685 3237 762 3286 round
769 3237 809 3286 the
818 3236 862 3286 site
869 3237 898 3286 os
902 3254 934 3288 an
941 3237 1053 3288 intended
1063 3237 1120 3304 city,

238 3304 327 3387 (Wblffi
341 3330 394 3363 was
410 3314 449 3363 the
464 3330 521 3364 case
536 3315 609 3365 when
624 3315 681 3380 they
691 3313 782 3363 wished
792 3321 816 3364 to
828 3313 933 3392 sonandus
942 3315 1009 3380 city‚)
1027 3316 1120 3381 always

236 3393 524 3455 maledtbeplougbocer
534 3394 678 3457 thoeeplaeee
687 3392 935 3454 wberetbeyiotended
950 3397 1025 3457 agate
1040 3395 1122 3442 abmld

237 3470 277 3519 te:
294 3468 513 3529 humamanam
613 3467 617 3473 “

268 3543 337 3605 ’,Λα
346 3545 460 3609 adjective
470 3563 536 3596 noun
543 3546 571 3596 os
576 3546 641 3596 three
648 3545 817 3608 terminatione,
828 3547 941 3614 agreeing
946 3548 1005 3599 with
1013 3548 1054 3597 the
1064 3549 1121 3597 sub·

239 3620 344 3670 stantive'
358 3625 396 3670 oia
409 3621 518 3688 implied;
535 3623 555 3672 it
567 3623 588 3672 is
603 3622 688 3688 placed
704 3622 766 3686 here,
784 3627 926 3690 cdonbtally,
942 3626 990 3676 and
1007 3624 1140 3690 signifiat.

240 3696 438 3766 “qtm'mbtmy'n
448 3715 476 3750 οι.
485 3699 626 3764 udjfoeflypr
699 3726 701 3730 ,

642 3779 689 3826 Η

201 3949 229 4009 ff
