2594 4514
199 382 269 450 dd
432 446 435 451 ,
470 396 724 445 assumeretur
738 394 835 445 vrrs.

210 566 287 626 rem,
301 546 426 611 muneri
440 544 576 630 publieo¹
591 504 745 621 (libitum,
757 563 856 626 quern
870 542 951 608 alias
964 543 1022 607 sibi
1034 545 1098 629 pri·

138 638 158 657 '⁸
209 672 286 724 vato
300 659 553 742 haudquaquam
575 668 749 745 arrogaret,
772 655 964 741 pervicacius
987 669 1099 742 postu-

208 770 285 849 lare,
309 791 437 854 aequum
459 790 528 833 esse
547 766 789 845 arbitrabatur?
842 768 959 834 Altaria
987 769 1099 839 denuo

208 882 317 963 roas,
341 883 457 947 arem
479 882 520 945 ιι
541 852 954 963 testamenmentum
981 862 1096 959 masa,

210 996 405 1079 colloquium
420 995 610 1080 perlongum
625 1011 701 1065 oum
715 1002 795 1060 'mter
810 1002 842 1055 et
864 993 1096 1090 Petersonium,

209 1110 347 1193 prefecti
362 1108 448 1193 apud
463 1109 638 1173 exereitum
653 1107 830 1189 anglicum
854 1117 931 1168 tuno
947 1106 1096 1189 temporis

208 1223 277 1307 vioe
289 1225 487 1306 fungentem,
498 1221 656 1298 habitum,
667 1220 700 1282 in
711 1240 772 1302 quo
785 1219 999 1296 Petersonius,
1013 1224 1098 1291 f‘cu-

137 1324 161 1347 '³'
208 1347 326 1399 ratores
340 1336 379 1399 de
392 1357 470 1421 pace
484 1333 688 1416 transigenda
702 1333 888 1396 auctoritate
904 1335 1026 1415 magna
1041 1331 1098 1396 do-

208 1460 300 1512 natos
310 1471 378 1512 esse
390 1448 469 1511 dixit
481 1450 510 1525 ;”
528 1447 582 1509 oui
592 1464 778 1530 responsum
788 1441 861 1522 fuit,
869 1451 893 1505 ,“
901 1466 1010 1514 eorum
1022 1466 1097 1508 auc·
1211 1436 1213 1440 ’

208 1561 369 1623 toritatem
384 1560 425 1638 ad
440 1560 558 1650 colonis
569 1558 806 1642 ignoscendum,
815 1557 1098 1640 veniamquedan-

209 1671 296 1750 dam,
320 1672 542 1735 tantummodo
572 1673 736 1756 pertinere,
759 1692 885 1753 eosque,
900 1670 954 1752 qui
975 1670 1097 1733 nullius

209 1785 269 1847 sibi
284 1784 393 1847 delicti
405 1805 550 1866 unquam
566 1785 680 1846 conscii
695 1786 832 1859 fuerant,
844 1782 965 1864 ignosci
977 1793 1009 1844 et
1023 1802 1097 1844 con-

210 1894 319 1959 donari
334 1895 448 1958 nolle.’'
494 1895 553 1959 His
570 1895 671 1972 dictis,
682 1895 875 1977 colloquium
891 1895 1070 1978 abruptum.

253 2009 322 2073 Sub
336 1989 435 2072 Ducis
451 2009 553 2073 Howe
568 2008 609 2072 ad
624 2008 764 2072 insulam
780 2008 895 2071 Staten
911 2007 1096 2097 adventum,

209 2123 365 2186 exercitur
376 2122 587 2199 Americanus
601 2143 643 2185 ex
657 2121 771 2184 decem
780 2119 946 2183 hominum
958 2119 1097 2183 millibus

210 2237 387 2311 constabat,
402 2244 446 2309 et,
461 2233 688 2316 supplementis
703 2230 802 2293 variis
820 2229 956 2311 quotidie
979 2228 1098 2293 adven-

210 2345 362 2422 tantibus,
378 2353 453 2405 ante
474 2344 617 2406 Sextilis²
642 2344 751 2418 finem,
768 2340 816 2403 ¹ad
839 2341 953 2424 viginti
978 2354 1096 2427 septem

211 2454 379 2520 hominum
401 2453 502 2539 millia
524 2453 665 2538 perbrevi
687 2453 823 2516 accrevit
835 2477 843 2532 ;
868 2475 1005 2537 quorum
1025 2478 1097 2540 pars

211 2587 334 2648 magna
345 2562 472 2629 militia⁸
481 2567 552 2645 fuit,
563 2567 723 2649 totiusque
733 2569 890 2634 exercitus
901 2591 973 2654 pars
983 2582 1098 2653 quarta

210 2679 399 2767 aegrotabat:
425 2680 531 2758 morbi,
548 2681 664 2763 quibus
679 2679 796 2744 milites
814 2682 924 2746 novitii
939 2684 1097 2768 precipue

209 2793 336 2856 obnoxii
346 2804 431 2872 sunt,
442 2793 508 2859 late
518 2793 724 2877 horrificeque
735 2795 932 2879 ingruebant,
940 2809 984 2875 et,
994 2799 1097 2860 taber-

208 2906 334 2970 naeulis
346 2907 572 2986 deficientibus,
584 2909 822 2991 ingravescebat
836 2911 870 2973 in
880 2911 946 2975 dies
960 2911 1093 2974 malurn.

210 3017 271 3111 lloe
288 3021 381 3103 eopioe
398 3031 466 3084 tarn
482 3021 642 3104 sagaciter
656 3021 848 3105 solerterque
864 3022 1000 3085 diversis·
1019 3021 1095 3084 locis

172 3140 177 3169 '·
208 3116 382 3213 insulisque
398 3133 651 3217 disponebantur,
665 3146 703 3198 ut
726 3134 843 3214 hostes,
856 3153 1034 3217 ,quemnam
1049 3134 1096 3197 lo·

241 3332 250 3366 ¹
266 3326 364 3374 Macer-t
370 3328 467 3388 publico,
478 3331 524 3378 “to
534 3345 549 3377 a
558 3328 741 3394 pualiaoffiw’
750 3343 778 3377 or
788 3327 991 3392 “.emplcyment”

240 3400 441 3461 rsmttsff‘the
456 3404 748 3471 mmatAugmtrso
763 3404 840 3453 called
856 3404 916 3453 from
931 3403 971 3454 the
986 3405 1095 3454 numeral

209 3470 324 3544 adjective
333 3484 418 3539 reatus,
424 3479 464 3528 the
474 3479 544 3542 sixth,
553 3480 627 3547 being
635 3482 677 3532 the
685 3478 751 3533 nixu
757 3480 818 3530 from
826 3474 927 3543 Mareh3
939 3480 958 3531 it
964 3497 1016 3532 was
1025 3480 1094 3531 aster·

208 3555 290 3605 warde
296 3555 372 3604 called
380 3556 509 3620 almiro,
519 3557 579 3606 from
586 3559 627 3608 the
635 3559 752 3624 Emperor
760 3557 789 3606 os
793 3559 844 3607 diat
849 3573 928 3607 name.

240 3634 362 3681 sarava
394 3632 456 3682 This
472 3631 493 3682 is
508 3634 564 3683 here
576 3637 651 3687 taken
666 3635 703 3686 for
715 3627 782 3684 what
796 3650 835 3684 we
849 3635 995 3684 understand
1012 3637 1044 3702 by
1053 3637 1093 3687 the

34 3721 38 3728 ·
152 3790 155 3796 Ι
208 3715 271 3764 term
281 3708 562 3777 “militia’'inEnglish3
578 3712 675 3764 derived
683 3711 743 3764 tium
752 3713 825 3775 atila,
836 3711 990 3765 “meldica'’
