2594 4514
246 408 308 474 188
501 425 752 473 wasnrnororrrr
773 425 861 472 vrri.

244 573 326 651 foris,
336 573 573 638 eumaratione
584 571 811 656 rempublicam
822 570 1017 654 gubernandi
1027 571 1124 650 recte,
1190 606 1192 610 v
1234 631 1238 639 .

245 706 387 761 avocare,
415 695 447 747 et
469 683 617 747 seducere
643 694 801 746 tentatum
827 683 908 761 fuit;
937 683 1124 768 periculum,

245 809 364 873 autem,
388 798 482 859 inane
505 808 593 874 erat;
620 796 778 874 immotus,
801 796 907 860 media
930 806 1124 880 tempestate,

244 931 314 994 quae
339 930 415 972 eum
440 911 597 992 cingebat,
621 929 742 994 semper
766 908 947 993 permansit.
993 908 1047 971 Vis
1070 929 1125 970 ex-

245 1033 334 1085 terna
356 1033 388 1084 et
411 1022 530 1085 insidia
546 1023 640 1086 facile
656 1023 893 1106 superabantur,
909 1032 941 1083 et
959 1021 1126 1084 insolentia

244 1135 480 1218 peregrinorum
494 1135 655 1199 incassum
667 1144 743 1197 erat.
789 1132 973 1197 Britanniae¹
987 1152 1125 1213 magna,

244 1266 293 1308 res
308 1247 440 1329 injustas
451 1248 578 1329 petenti,
592 1246 802 1328 legationibus
815 1246 918 1327 magis
928 1245 1027 1327 quam
1043 1244 1125 1307 bello

244 1359 403 1422 satisfecit.
450 1358 573 1435 Gallia,
603 1359 691 1435 item,
720 1357 965 1421 moderatoribus
994 1356 1125 1433 insanis,

244 1491 304 1533 nec
318 1472 436 1534 bellurn
450 1491 507 1533 nec
523 1491 635 1554 pacem
648 1469 829 1532 minabatur
841 1492 850 1548 ;
868 1479 912 1546 at,
922 1490 980 1531 seu
995 1467 1125 1544 bellum,

245 1602 302 1645 acu
316 1604 379 1665 pax
394 1582 547 1659 inciderit,
559 1594 686 1666 paratur
697 1603 819 1667 semper
831 1583 902 1660 fuit,
916 1592 1008 1666 prout
1019 1578 1126 1665 populi

245 1695 358 1776 magni
369 1695 590 1777 magistratum
601 1716 775 1772 summum,
784 1695 838 1757 tali
850 1695 883 1757 in
893 1715 936 1772 re,
948 1692 1124 1757 condecuit.

246 1806 341 1892 Apud
357 1819 524 1889 utramque
539 1809 648 1891 igitur,
665 1819 804 1890 gentem,
819 1808 901 1871 bene
918 1806 1094 1870 audiebat.¹¹

250 1949 254 1955 ·
289 1920 429 1983 Praesidis
445 1920 626 1984 Americani
648 1920 747 1985 officio
761 1924 910 2003 fungens,
927 1930 1038 2001 gentes
1060 1937 1129 1980 om·

244 2045 302 2096 bes
324 2032 358 2094 in
373 2054 450 2115 pace
467 2035 598 2110 amicas,
614 2033 646 2093 in
661 2032 742 2094 bello
763 2033 909 2093 inimicas
932 2050 999 2091 esse
1014 2029 1126 2091 voluit.

248 2143 488 2207 Inimicitiarum
511 2153 655 2205 veterum
677 2141 772 2202 facile
787 2139 1036 2213 obliviscebatur,
1052 2157 1128 2198 cum

247 2254 450 2318 commodum
462 2252 622 2336 publicum
635 2252 680 2313 ite
692 2249 1060 2332 postularet-Tempus,
1069 2268 1128 2310 au·

248 2376 324 2440 tem,
337 2384 393 2424 noa
407 2373 526 2438 monet,
540 2372 577 2423 ut
590 2359 790 2422 illustrissimi
803 2360 1040 2441 Washingtonii
1055 2360 1128 2423 vitre

247 2476 343 2537 linem
374 2473 595 2554 imponamus;
634 2471 850 2552 quamobrem,
885 2471 931 2533 ita
961 2471 1127 2550 faciamus,

248 2585 356 2649 Deum
368 2585 524 2668 optimum
535 2585 715 2646 maximum
729 2581 895 2665 precando,
908 2594 945 2646 ut
954 2584 1129 2667 requiescat

248 2699 282 2762 in
298 2719 375 2782 pace
390 2697 581 2781 sempiterna
597 2695 681 2780 apud
694 2696 805 2758 beatos
819 2695 852 2759 in
868 2696 955 2759 coelis

249 2913 304 2947 ever
313 2895 437 2946 continued
448 2893 570 2956 steedsest,
579 2892 605 2943 in
615 2893 653 2942 the
663 2891 735 2942 midat
744 2892 772 2942 of
782 2892 823 2942 the
832 2899 934 2959 tempest
943 2892 1021 2942 ulrich
1035 2908 1129 2942 encom-

249 2973 336 3039 passed
347 2972 418 3022 bim.”

281 3058 288 3090 ¹
307 3052 442 3111 Britannia,
455 3052 504 3109 dfe,
516 3051 530 3077 ‘⁴
535 3046 566 3096 he
575 3045 681 3097 setisfied
691 3047 768 3097 Great
778 3045 878 3108 Britain,
888 3044 1034 3108 demending
1047 3042 1129 3109 things

249 3125 302 3176 that
311 3142 373 3174 were
382 3125 562 3186 unreasonable,
572 3126 605 3189 by
614 3123 752 3185 ambassies,
762 3122 840 3172 rather
849 3123 906 3171 than
917 3125 989 3170 war.”

281 3209 293 3243 ⁸
310 3201 371 3249 Beni
381 3203 491 3263 audiebat,
502 3204 517 3229 “
525 3201 646 3249 sustained
657 3217 672 3249 a
682 3201 744 3266 good
754 3198 875 3248 character
881 3202 904 3259 ;”
920 3197 955 3245 lor
963 3196 1023 3256 berti,
1034 3211 1061 3244 or
1072 3195 1130 3244 mall

251 3279 336 3336 audire,
349 3278 387 3338 (de
396 3293 419 3324 re
435 3277 506 3341 being
515 3276 678 3340 understood)
690 3276 710 3324 is
720 3284 745 3326 to
754 3275 814 3324 have
823 3290 839 3321 a
848 3272 910 3339 good
919 3289 946 3322 or
955 3287 970 3320 a
979 3271 1027 3321 bad
1042 3287 1129 3336 neme,

251 3352 359 3420 literally‚
369 3359 391 3403 to
400 3355 453 3403 beor
462 3356 521 3418 well,
531 3370 557 3403 or
565 3356 599 3417 tlt,
608 3354 637 3419 os
646 3353 736 3418 oneacls.
