2594 4514
248 339 310 404 180
504 357 755 406 wasurnoronu
778 357 864 402 vrri.

244 506 326 581 tum,
342 504 416 586 quia
429 501 628 587 comparatio,
643 502 704 566 nisi
724 502 805 564 inter
822 500 968 584 aequales,
984 517 1051 564 essa
1066 512 1123 564 tre-

243 615 331 697 quit;
360 618 439 693 tum,
463 615 548 698 quia,
573 614 853 697 Washingtoniurn
880 613 1024 676 omnibus
1050 612 1124 676 viris

242 726 378 810 magnis,
394 727 448 810 qui
464 726 549 811 apud
563 739 683 790 veteres
697 727 839 810 viguere,
850 726 1000 809 majorem
1015 736 1100 809 puto.

288 840 325 903 ln
340 840 417 902 alios
434 839 607 922 gerendum
621 841 788 924 imperium
800 860 863 902 non
876 839 1018 922 putabat,
1032 848 1124 901 ante-

242 971 340 1033 quam
353 951 410 1014 sibi
425 952 579 1037 imperare
595 952 747 1016 didicerit.
782 951 931 1016 Ratione¹
946 951 1122 1034 praestabat.

28 1046 81 1111 „A
92 1052 121 1134 {23
141 1087 154 1140 ξ,
242 1062 405 1147 Leporem,
420 1065 531 1151 salam,
545 1086 670 1155 prorsus
690 1067 713 1130 a
730 1086 763 1128 se
782 1064 922 1127 alienum
941 1082 1008 1125 esse
1027 1064 1125 1125 confi·

111 1157 114 1167 ¹
177 1188 178 1194 ’
241 1175 388 1254 tehotu13
412 1177 650 1261 Washingtonii
674 1177 849 1261 ingenium⁹
871 1176 911 1237 ab
935 1173 1124 1251 Aristotelis,

242 1286 382 1367 Baconii,
396 1289 494 1372 Angli
511 1289 690 1367 doctissimi,
705 1301 737 1353 et
749 1288 908 1353 Newtonii
922 1286 1124 1350 illustrissimi

240 1399 376 1482 ingeniis
401 1400 491 1464 haud
511 1402 649 1465 multnm
675 1401 853 1464 abludebat.
899 1401 1017 1464 Sensu⁸
1037 1419 1123 1462 corn·

240 1513 333 1575 muni
355 1523 458 1589 utens,
475 1513 586 1574 munia
609 1514 728 1590 omnia,
744 1513 786 1576 ad
800 1534 870 1596 quae
885 1534 936 1576 ore
951 1533 1015 1575 uno
1038 1511 1125 1574 cives

241 1625 507 1700 convocabant,
522 1625 604 1687 obire
626 1625 741 1689 melius
760 1625 871 1710 potuit,
885 1627 984 1708 quam
999 1624 1036 1701 si,
1049 1622 1124 1719 doc·

93 1732 123 1835 ¹·¹
241 1734 327 1798 trina
350 1734 520 1819 excultiore
543 1735 694 1815 imbutus,
717 1738 869 1822 populum
895 1737 1124 1802 Americanurn

241 1847 305 1911 risu
316 1858 469 1931 quateret,
481 1868 529 1909 res
539 1849 561 1912 a
572 1851 733 1913 communi
743 1872 803 1914 usu
814 1851 908 1935 plane
924 1850 1125 1913 abhorrentes

242 1941 562 2058 affectandoverum
570 1972 606 2053 ‘et
616 1962 695 2025 utile
706 1985 827 2048 semper
836 1964 1011 2047 appetebat.
1035 1964 1125 2027 Sem-

241 2094 295 2158 per
310 2095 349 2137 ea
364 2075 564 2157 sequebatur,
578 2094 616 2137 ac
632 2075 813 2157 plerumque
823 2076 900 2139 vcti⁴
916 2074 1123 2158 compossuit.

288 2189 512 2265 Quamobrem,
527 2186 666 2249 multnm
681 2206 790 2247 secum
809 2188 873 2270 ipse
889 2187 996 2263 volvit,
1013 2205 1126 2268 resque

242 2320 362 2375 onmes,
377 2319 458 2381 quas
480 2297 637 2360 discutere
661 2316 735 2356 eum
757 2297 927 2376 oportebat,
950 2296 1062 2359 sedulb
1082 2294 1125 2360 ad

242 2429 380 2474 examen
391 2406 585 2470 revocandas
600 2406 731 2468 curavit.
766 2404 832 2467 Nec
845 2406 899 2482 ira,
911 2428 970 2471 nec
981 2407 1124 2470 studium

242 2520 380 2606 partium
405 2541 463 2583 nec
487 2517 641 2601 superbia,
656 2537 715 2579 nec
742 2516 871 2578 ambitio
894 2539 969 2582 eum
992 2521 1015 2584 a
1038 2530 1125 2584 recto

274 2695 282 2730 ¹
299 2687 404 2749 Ratione,
415 2687 459 2735 “in
471 2684 548 2735 sound
559 2683 671 2750 practical
682 2699 753 2732 sense
761 2686 785 2747 ;'’
801 2698 840 2732 we
854 2682 916 2732 bare
926 2700 959 2734 no
967 2686 1034 2736 word
1043 2685 1072 2736 ol
1084 2703 1125 2737 ex·

243 2764 308 2830 actly
318 2763 407 2814 similar
415 2763 502 2828 impert
510 2762 535 2812 in
545 2778 590 2812 our
599 2762 726 2826 langnrage.

273 2851 286 2887 t
300 2845 431 2906 Iugarium,
443 2845 492 2903 dfe,
504 2844 519 2870 “
527 2841 566 2890 the
576 2839 662 2905 genius
671 2838 699 2888 of
704 2837 867 2904 Waehington
878 2838 918 2888 did
928 2847 971 2890 not
979 2840 1045 2892 differ
1053 2842 1126 2893 much
1170 2865 1173 2870 ·

243 2919 303 2971 from
313 2921 354 2970 the
369 2918 454 2985 genius
469 2917 498 2969 os
504 2917 625 2978 Aristotle,
641 2916 671 2966 ol
679 2916 770 2978 Bacon,
783 2917 809 2978 (a
825 2924 888 2966 most
904 2917 1000 2967 learned
1015 2917 1125 2983 English·

244 3001 321 3060 man)
334 2997 382 3046 and
398 2996 428 3046 ol
436 2997 477 3046 the
491 3001 555 3046 most
570 2993 698 3044 illustrious
714 2995 842 3044 Newton.”
873 2994 911 3058 By
921 2995 987 3044 these
998 3010 1035 3042 we
1044 2994 1126 3044 intend

244 3081 269 3125 to
276 3071 688 3137 conveymeidmtbatthoparrsof
693 3071 857 3135 Washington
865 3086 929 3119 were
938 3071 1014 3119 better
1022 3070 1125 3138 adopted

244 3157 271 3200 to
284 3150 322 3199 the
337 3149 503 3215 investigation
513 3149 542 3200 of
553 3151 622 3199 sober
636 3149 708 3209 trutb,
718 3149 777 3198 than
791 3155 816 3197 to
830 3147 925 3212 display
934 3163 950 3195 a
961 3146 1062 3210 flippant
1076 3147 1127 3198 and

245 3225 378 3291 superficiei
388 3227 503 3291 learning,
513 3227 564 3276 like
571 3224 685 3286 Voltaire,
695 3224 744 3274 and
752 3224 789 3273 hie
799 3220 930 3287 aelf-styled
940 3223 1109 3288 philosophare.

276 3311 288 3346 ⁸
305 3304 385 3363 Senon,
397 3307 446 3365 pa,
463 3303 584 3366 “making
601 3318 645 3351 use
660 3302 689 3351 oi
699 3318 808 3351 common
824 3315 901 3360 sense,
917 3300 948 3348 he
964 3299 1033 3348 could
1050 3301 1127 3353 better

246 3379 347 3446 perform
354 3379 386 3427 all
395 3380 436 3428 the
447 3379 521 3442 (civil)
534 3381 654 3441 offices,to
661 3379 740 3428 which
748 3378 786 3427 irie
794 3384 949 3441 countrynren
957 3376 1126 3444 unanimously

246 3456 321 3510 enflad
332 3456 388 3517 bim,
399 3456 456 3505 than
466 3457 490 3516 it
500 3456 614 3506 tinctured
626 3457 683 3506 witb
693 3471 758 3506 mora
767 3454 871 3520 polishad
881 3453 996 3518 learning,
1005 3454 1036 3502 be
1045 3453 1126 3506 would

246 3535 324 3589 rholo
333 3534 374 3583 the
383 3532 511 3582 American
526 3534 642 3597 populace
654 3535 697 3598 (by
706 3532 744 3581 his
755 3530 933 3594 eccentricitiea)
946 3529 1002 3581 with
1011 3531 1126 3598 laugbter,

247 3614 281 3680 by
290 3611 380 3678 eiming
389 3617 414 3660 at
422 3609 503 3675 things
512 3610 635 3676 obviously
645 3615 781 3676 repugnent
789 3615 815 3657 to
824 3624 935 3660 common
944 3611 1037 3660 saum?

206 3722 211 3731 ·
277 3700 290 3740 t
309 3691 367 3754 Voti,
378 3693 429 3753 aa,
438 3690 453 3718 “
460 3687 491 3738 he
499 3686 610 3740 obtained
619 3688 657 3740 ni·
666 3687 734 3750 wiab,
744 3685 877 3736 ordesire.”
