2594 4514
201 387 243 452 dss
455 399 706 448 assumpturus
730 399 818 444 vrrs.

200 548 392 624 obsidebant,
403 545 496 629 quod,
507 554 627 623 tamen,
638 544 828 621 Prestonius,
838 543 1000 626 prefectus
1010 540 1078 607 An·

201 663 315 746 glicus,
330 659 496 722 fortissime
511 657 657 721 defendit.
702 657 812 721 Morbo
825 655 940 719 ducem
954 655 1080 737 Schuy·

200 774 246 837 ler
261 774 301 835 ab
314 771 454 835 exercitu
468 770 615 834 decedere
631 781 773 853 cogente,
784 768 951 852 imperium
965 766 1008 830 ad
1021 766 1086 830 dum

202 907 272 948 cem
287 886 508 967 Montgomery
517 884 652 961 devenit,
664 884 717 967 qui
728 894 795 946 tam
805 881 919 945 acriter
927 899 1080 962 aggerem

201 996 330 1075 obsedit,
346 1007 391 1074 ut,
408 1017 523 1080 paucos
539 997 620 1059 intra
634 995 711 1074 dies,
722 993 950 1081 propugnaculi
963 993 1082 1078 potitus

201 1109 250 1172 sit.
298 1109 400 1194 Capto
418 1110 487 1173 loco
508 1109 577 1187 isto,
600 1108 642 1172 ad
663 1109 807 1172 Montem
828 1107 982 1189 Regium¹
1005 1125 1082 1168 cum

201 1222 341 1286 exercitu
356 1222 471 1285 victore
493 1222 715 1309 Montgomery
730 1221 876 1306 perrexit.
923 1221 1007 1284 Cum
1026 1239 1082 1302 ops

200 1333 274 1419 pido
287 1335 557 1420 appropinquaret,
571 1354 678 1417 pauoae
693 1334 881 1397 Britannica
896 1333 1001 1417 copie,
1012 1351 1082 1414 quoe

199 1447 341 1531 prasidio
356 1428 492 1523 fuerant,
505 1447 538 1508 in
551 1444 661 1507 salutis
671 1466 761 1528 spem
775 1465 874 1508 naves
885 1447 1024 1530 petidr03
1048 1454 1083 1507 at

201 1559 224 1621 a
237 1558 360 1621 tribuno
375 1559 506 1634 Easton,
522 1558 576 1639 qui
590 1557 768 1642 manipulos
782 1558 952 1620 nonnullos
971 1558 1083 1622 ducta-

200 1669 266 1746 bat,
282 1670 461 1752 quominus
479 1669 611 1733 fluvium
625 1670 759 1733 navibus
774 1669 1009 1747 descenderent,
1024 1669 1083 1732 im-

201 1782 414 1868 pediebantur.
461 1782 538 1846 Dux
559 1782 733 1846 Prescotius
754 1781 986 1866 cumpluribus
1007 1793 1084 1865 proe·

200 1895 301 1973 fectis,
317 1906 507 1979 centumque
531 1895 644 1978 viginti
666 1896 818 1961 militibus
841 1895 991 1979 gregariis
1013 1887 1101 1958 sese¹

201 2007 401 2088 dediderunt;
416 2009 553 2093 Duxque
565 2010 782 2087 Americanus,
790 2009 929 2094 praesidio
939 2007 981 2072 ad
990 2009 1083 2073 Mon-

200 2131 265 2185 tem
281 2123 421 2205 Regium
436 2123 554 2200 relicto,
566 2122 608 2185 ad
619 2125 728 2185 urbem
740 2121 883 2186 Canadoe
895 2121 1082 2206 proeoipuam

199 2254 298 2317 quem
311 2234 460 2295 maximis
476 2233 638 2295 itineribus
653 2232 824 2297 contendit.

246 2345 401 2426 Tempore
413 2364 474 2425 quo
484 2344 647 2405 victoriam
660 2345 881 2428 Montgomery
892 2355 958 2407 tam
970 2347 1083 2413 acriter

201 2465 381 2530 sectaretur,
397 2455 559 2537 provincie
572 2454 769 2518 Canadensis
783 2458 824 2520 ab
839 2457 928 2522 hoste
942 2480 1006 2522 non
1024 2460 1084 2523 mi·

201 2569 263 2631 niis
288 2586 327 2632 ac
348 2566 571 2649 Montgomery
592 2568 661 2632 forti
684 2568 883 2652 interritoque
907 2573 1081 2655 petebatur.

192 2678 292 2761 ,Mille
315 2679 480 2745 hominum
503 2678 542 2742 de
556 2681 695 2748 exercitu
710 2682 899 2748 Americano
915 2684 1084 2748 Cantabri·

202 2793 264 2877 gia
289 2803 368 2857 tuno
393 2793 540 2877 temporis
565 2793 649 2878 apud
678 2793 860 2878 Novenglos
890 2796 1081 2874 considente,

201 2905 492 2989 aWashingtonio
517 2905 558 2969 ad
584 2906 750 2970 Canadam
774 2910 956 2994 pacandam
981 2909 1081 2972 missi,

202 3019 305 3082 Hicce
326 3017 510 3105 manipulus
527 3019 650 3082 tribuno
664 3020 795 3103 legionis
810 3021 962 3086 Arnoldio
977 3018 1081 3098 datus,

118 3124 119 3129 ’
202 3130 256 3214 qui
266 3131 369 3214 copias
379 3132 488 3195 itinere
498 3107 640 3201 nondum
650 3143 770 3195 tentato
780 3154 833 3219 per
843 3129 1079 3196 desertaduxit:

203 3241 402 3309 difficultates
424 3263 551 3327 magnae
575 3265 654 3328 ques
677 3244 732 3312 hic
752 3244 936 3328 manipulus
953 3262 1007 3328 per
1028 3245 1068 3308 tri

204 3354 294 3441 ginta
308 3353 375 3416 dies
389 3356 491 3433 subiit,
506 3360 571 3421 fere
586 3356 856 3439 inexsuperabiles
868 3358 967 3419 fuere.

247 3465 384 3534 Flumen
398 3467 660 3536 Kennebeokium
671 3468 813 3533 lintribus
826 3468 916 3530 sactis
932 3466 1067 3535 ascende

203 3578 507 3657 monoschemus
530 3581 647 3644 flumen
661 3580 815 3661 navigare
838 3579 945 3643 coacti.
992 3580 1081 3644 Mala

350 3725 360 3765 t
374 3720 478 3772 unum
486 3719 595 3784 Regium,
606 3719 773 3782 “Menum”
782 3717 809 3769 in
817 3717 928 3771 Capado-
