<?xml version="1.0" encoding="UTF-8"?>
<!DOCTYPE html PUBLIC "-//W3C//DTD XHTML 1.0 Transitional//EN"
    "http://www.w3.org/TR/xhtml1/DTD/xhtml1-transitional.dtd">
<html xmlns="http://www.w3.org/1999/xhtml" xml:lang="en" lang="en">
 <head>
  <title>
</title>
<meta http-equiv="Content-Type" content="text/html;charset=utf-8" />
  <meta name='ocr-system' content='tesseract 3.04.00' />
  <meta name='ocr-capabilities' content='ocr_page ocr_carea ocr_par ocr_line ocrx_word'/>
</head>
<body>
  <div class='ocr_page' id='page_1' title='image "./alifegeorgewash00glasgoog_0193.png"; bbox 0 0 2594 4514; ppageno 0'>
   <div class='ocr_carea' id='block_1_1' title="bbox 243 359 861 430">
    <p class='ocr_par' dir='ltr' id='par_1_1' title="bbox 243 359 861 430">
     <span class='ocr_line' id='line_1_1' title="bbox 243 359 861 430; baseline -0.003 -8"><span class='ocrx_word' id='word_1_1' title='bbox 243 359 304 422; x_wconf 80' lang='lat'>178</span> <span class='ocrx_word' id='word_1_2' title='bbox 499 375 750 423; x_wconf 79' lang='lat' dir='ltr'>wranruorourr</span> <span class='ocrx_word' id='word_1_3' title='bbox 771 375 861 430; x_wconf 71' lang='lat' dir='ltr'>vrri,</span> 
     </span>
    </p>
   </div>
   <div class='ocr_carea' id='block_1_2' title="bbox 238 518 1210 1480">
    <p class='ocr_par' dir='ltr' id='par_1_2' title="bbox 238 518 1210 1480">
     <span class='ocr_line' id='line_1_2' title="bbox 239 518 1109 604; baseline -0.002 -20"><span class='ocrx_word' id='word_1_4' title='bbox 239 520 360 584; x_wconf 82' lang='lat' dir='ltr'>civibus</span> <span class='ocrx_word' id='word_1_5' title='bbox 383 520 482 603; x_wconf 86' lang='lat' dir='ltr'>gratis</span> <span class='ocrx_word' id='word_1_6' title='bbox 496 532 563 584; x_wconf 89' lang='lat' dir='ltr'>tam</span> <span class='ocrx_word' id='word_1_7' title='bbox 578 520 681 584; x_wconf 89' lang='lat' dir='ltr'>subito</span> <span class='ocrx_word' id='word_1_8' title='bbox 696 520 883 604; x_wconf 88' lang='lat' dir='ltr'>ademptum</span> <span class='ocrx_word' id='word_1_9' title='bbox 900 518 1052 603; x_wconf 87' lang='lat' dir='ltr'>lugendo,</span> <span class='ocrx_word' id='word_1_10' title='bbox 1068 538 1109 582; x_wconf 87' lang='lat' dir='ltr'>ex</span> 
     </span>
     <span class='ocr_line' id='line_1_3' title="bbox 239 632 1133 727; baseline -0.008 -31"><span class='ocrx_word' id='word_1_11' title='bbox 239 634 435 703; x_wconf 78' lang='lat' dir='ltr'>emebantur.</span> <span class='ocrx_word' id='word_1_12' title='bbox 481 632 536 727; x_wconf 62' lang='lat' dir='ltr'>Ad</span> <span class='ocrx_word' id='word_1_13' title='bbox 558 633 630 711; x_wconf 87' lang='lat' dir='ltr'>hoo,</span> <span class='ocrx_word' id='word_1_14' title='bbox 650 633 784 696; x_wconf 87' lang='lat' dir='ltr'>honores</span> <span class='ocrx_word' id='word_1_15' title='bbox 805 633 933 717; x_wconf 87' lang='lat' dir='ltr'>plurimi</span> <span class='ocrx_word' id='word_1_16' title='bbox 959 633 1024 710; x_wconf 90' lang='lat' dir='ltr'>alii,</span> <span class='ocrx_word' id='word_1_17' title='bbox 1046 651 1133 716; x_wconf 81' lang='lat' dir='ltr'>quos.</span> 
     </span>
     <span class='ocr_line' id='line_1_4' title="bbox 238 745 1210 830; baseline -0.001 -21"><span class='ocrx_word' id='word_1_18' title='bbox 238 765 345 828; x_wconf 84' lang='lat' dir='ltr'>neque</span> <span class='ocrx_word' id='word_1_19' title='bbox 359 745 485 822; x_wconf 79' lang='lat' dir='ltr'>divitia,</span> <span class='ocrx_word' id='word_1_20' title='bbox 498 766 602 828; x_wconf 89' lang='lat' dir='ltr'>neque</span> <span class='ocrx_word' id='word_1_21' title='bbox 617 746 783 830; x_wconf 89' lang='lat' dir='ltr'>imperium</span> <span class='ocrx_word' id='word_1_22' title='bbox 799 745 903 808; x_wconf 84' lang='lat' dir='ltr'>ullum</span> <span class='ocrx_word' id='word_1_23' title='bbox 919 746 1051 809; x_wconf 84' lang='lat' dir='ltr'>tribuere</span> <span class='ocrx_word' id='word_1_24' title='bbox 1068 765 1126 808; x_wconf 87' lang='lat' dir='ltr'>eu·</span> <span class='ocrx_word' id='word_1_25' title='bbox 1209 764 1210 767; x_wconf 72' lang='grc'>’</span> 
     </span>
     <span class='ocr_line' id='line_1_5' title="bbox 238 844 1126 942; baseline -0.001 -21"><span class='ocrx_word' id='word_1_26' title='bbox 238 858 298 921; x_wconf 85' lang='lat' dir='ltr'>ivis</span> <span class='ocrx_word' id='word_1_27' title='bbox 314 879 457 939; x_wconf 91' lang='lat' dir='ltr'>unquam</span> <span class='ocrx_word' id='word_1_28' title='bbox 472 868 625 942; x_wconf 80' lang='lat' dir='ltr'>poterant,</span> <span class='ocrx_word' id='word_1_29' title='bbox 641 858 886 940; x_wconf 87' lang='lat' dir='ltr'>Washingtonio</span> <span class='ocrx_word' id='word_1_30' title='bbox 900 857 1000 920; x_wconf 92' lang='lat' dir='ltr'>habiti</span> <span class='ocrx_word' id='word_1_31' title='bbox 1022 844 1126 922; x_wconf 73' lang='lat' dir='ltr'>fuere.</span> 
     </span>
     <span class='ocr_line' id='line_1_6' title="bbox 239 969 1127 1054; baseline -0.003 -19"><span class='ocrx_word' id='word_1_32' title='bbox 239 969 390 1035; x_wconf 84' lang='lat' dir='ltr'>Parentes</span> <span class='ocrx_word' id='word_1_33' title='bbox 400 969 515 1054; x_wconf 87' lang='lat' dir='ltr'>plures,</span> <span class='ocrx_word' id='word_1_34' title='bbox 525 971 607 1054; x_wconf 86' lang='lat' dir='ltr'>grati</span> <span class='ocrx_word' id='word_1_35' title='bbox 617 971 715 1033; x_wconf 90' lang='lat' dir='ltr'>animi</span> <span class='ocrx_word' id='word_1_36' title='bbox 725 969 914 1053; x_wconf 82' lang='lat' dir='ltr'>ergo,¹filios</span> <span class='ocrx_word' id='word_1_37' title='bbox 924 990 998 1032; x_wconf 89' lang='lat' dir='ltr'>suos</span> <span class='ocrx_word' id='word_1_38' title='bbox 1008 969 1127 1032; x_wconf 89' lang='lat' dir='ltr'>Wash·</span> 
     </span>
     <span class='ocr_line' id='line_1_7' title="bbox 241 1080 1125 1166; baseline -0.001 -22"><span class='ocrx_word' id='word_1_39' title='bbox 241 1080 376 1164; x_wconf 81' lang='lat' dir='ltr'>ingtonii</span> <span class='ocrx_word' id='word_1_40' title='bbox 393 1081 522 1144; x_wconf 87' lang='lat' dir='ltr'>nomine</span> <span class='ocrx_word' id='word_1_41' title='bbox 538 1082 676 1166; x_wconf 86' lang='lat' dir='ltr'>gaudere</span> <span class='ocrx_word' id='word_1_42' title='bbox 691 1083 881 1160; x_wconf 81' lang='lat' dir='ltr'>studebant3</span> <span class='ocrx_word' id='word_1_43' title='bbox 900 1081 973 1159; x_wconf 90' lang='lat' dir='ltr'>hoe,</span> <span class='ocrx_word' id='word_1_44' title='bbox 989 1081 1125 1164; x_wconf 77' lang='lat' dir='ltr'>insuper,</span> 
     </span>
     <span class='ocr_line' id='line_1_8' title="bbox 241 1191 1128 1278; baseline 0.002 -24"><span class='ocrx_word' id='word_1_45' title='bbox 241 1194 265 1262; x_wconf 71' lang='lat' dir='ltr'>a</span> <span class='ocrx_word' id='word_1_46' title='bbox 282 1193 506 1277; x_wconf 75' lang='lat' dir='ltr'><strong>pauperrimis,</strong></span> <span class='ocrx_word' id='word_1_47' title='bbox 522 1204 559 1255; x_wconf 94' lang='lat' dir='ltr'>ut</span> <span class='ocrx_word' id='word_1_48' title='bbox 574 1195 771 1278; x_wconf 60' lang='lat' dir='ltr'>plurimam?</span> <span class='ocrx_word' id='word_1_49' title='bbox 785 1196 919 1270; x_wconf 77' lang='lat' dir='ltr'>factum,</span> <span class='ocrx_word' id='word_1_50' title='bbox 934 1191 1128 1276; x_wconf 73' lang='lat' dir='ltr'>quiWash·</span> 
     </span>
     <span class='ocr_line' id='line_1_9' title="bbox 239 1305 1130 1390; baseline 0.002 -24"><span class='ocrx_word' id='word_1_51' title='bbox 239 1305 421 1387; x_wconf 78' lang='lat' dir='ltr'>ingtonium</span> <span class='ocrx_word' id='word_1_52' title='bbox 443 1326 502 1368; x_wconf 91' lang='lat' dir='ltr'>neo</span> <span class='ocrx_word' id='word_1_53' title='bbox 517 1305 671 1383; x_wconf 88' lang='lat' dir='ltr'>viderant,</span> <span class='ocrx_word' id='word_1_54' title='bbox 686 1327 746 1368; x_wconf 89' lang='lat' dir='ltr'>nee</span> <span class='ocrx_word' id='word_1_55' title='bbox 769 1325 914 1388; x_wconf 85' lang='lat' dir='ltr'>unquam</span> <span class='ocrx_word' id='word_1_56' title='bbox 929 1305 1035 1369; x_wconf 81' lang='lat' dir='ltr'>videre</span> <span class='ocrx_word' id='word_1_57' title='bbox 1058 1325 1130 1390; x_wconf 85' lang='lat' dir='ltr'>spe·</span> 
     </span>
     <span class='ocr_line' id='line_1_10' title="bbox 240 1417 368 1480; baseline 0 -2"><span class='ocrx_word' id='word_1_58' title='bbox 240 1417 368 1480; x_wconf 87' lang='lat' dir='ltr'>rabant.</span> 
     </span>
    </p>
   </div>
   <div class='ocr_carea' id='block_1_3' title="bbox 73 1483 1131 1614">
    <p class='ocr_par' dir='ltr' id='par_1_3' title="bbox 73 1483 1131 1614">
     <span class='ocr_line' id='line_1_11' title="bbox 73 1483 1131 1614; baseline -0.007 -16"><span class='ocrx_word' id='word_1_59' title='bbox 73 1591 76 1598; x_wconf 94' lang='lat'><em>.</em></span> <span class='ocrx_word' id='word_1_60' title='bbox 185 1563 188 1567; x_wconf 93' lang='lat'>·</span> <span class='ocrx_word' id='word_1_61' title='bbox 235 1554 252 1581; x_wconf 59' lang='lat' dir='ltr'>a</span> <span class='ocrx_word' id='word_1_62' title='bbox 284 1527 392 1610; x_wconf 82' lang='lat' dir='ltr'>Pagi,⁸</span> <span class='ocrx_word' id='word_1_63' title='bbox 403 1527 527 1611; x_wconf 87' lang='lat' dir='ltr'>oppida,</span> <span class='ocrx_word' id='word_1_64' title='bbox 537 1528 640 1605; x_wconf 90' lang='lat' dir='ltr'>urbes,</span> <span class='ocrx_word' id='word_1_65' title='bbox 651 1528 725 1605; x_wconf 85' lang='lat' dir='ltr'>vici,</span> <span class='ocrx_word' id='word_1_66' title='bbox 735 1529 914 1608; x_wconf 83' lang='lat' dir='ltr'>comitatus,</span> <span class='ocrx_word' id='word_1_67' title='bbox 922 1529 1039 1595; x_wconf 82' lang='lat' dir='ltr'>seholae</span> <span class='ocrx_word' id='word_1_68' title='bbox 1049 1483 1131 1614; x_wconf 53' lang='lat' dir='ltr'>pum</span> 
     </span>
    </p>
   </div>
   <div class='ocr_carea' id='block_1_4' title="bbox 240 1638 1127 1725">
    <p class='ocr_par' dir='ltr' id='par_1_4' title="bbox 240 1638 1127 1725">
     <span class='ocr_line' id='line_1_12' title="bbox 240 1638 1127 1725; baseline 0.002 -24"><span class='ocrx_word' id='word_1_69' title='bbox 240 1638 322 1716; x_wconf 81' lang='lat' dir='ltr'>lieae,</span> <span class='ocrx_word' id='word_1_70' title='bbox 333 1639 574 1722; x_wconf 87' lang='lat' dir='ltr'>Washingtonii</span> <span class='ocrx_word' id='word_1_71' title='bbox 589 1660 706 1702; x_wconf 91' lang='lat' dir='ltr'>nomen</span> <span class='ocrx_word' id='word_1_72' title='bbox 721 1640 778 1702; x_wconf 89' lang='lat' dir='ltr'>sibi</span> <span class='ocrx_word' id='word_1_73' title='bbox 791 1661 918 1703; x_wconf 84' lang='lat' dir='ltr'>sumere</span> <span class='ocrx_word' id='word_1_74' title='bbox 931 1642 1106 1725; x_wconf 85' lang='lat' dir='ltr'>gestiebant</span> <span class='ocrx_word' id='word_1_75' title='bbox 1118 1663 1127 1719; x_wconf 82' lang='lat'>3</span> 
     </span>
    </p>
   </div>
   <div class='ocr_carea' id='block_1_5' title="bbox 112 1737 1131 1845">
    <p class='ocr_par' dir='ltr' id='par_1_5' title="bbox 59 1737 1131 1845">
     <span class='ocr_line' id='line_1_13' title="bbox 112 1737 1131 1845; baseline 0 -29"><span class='ocrx_word' id='word_1_76' title='bbox 112 1737 154 1845; x_wconf 43' lang='lat' dir='ltr'>‚f</span> <span class='ocrx_word' id='word_1_77' title='bbox 172 1808 176 1815; x_wconf 93' lang='lat'>.</span> <span class='ocrx_word' id='word_1_78' title='bbox 242 1751 320 1816; x_wconf 88' lang='lat' dir='ltr'>adeo</span> <span class='ocrx_word' id='word_1_79' title='bbox 335 1763 456 1815; x_wconf 86' lang='lat' dir='ltr'>uttam</span> <span class='ocrx_word' id='word_1_80' title='bbox 471 1752 576 1815; x_wconf 87' lang='lat' dir='ltr'>multa</span> <span class='ocrx_word' id='word_1_81' title='bbox 591 1753 720 1815; x_wconf 91' lang='lat' dir='ltr'>nomina</span> <span class='ocrx_word' id='word_1_82' title='bbox 734 1753 829 1836; x_wconf 71' lang='lat' dir='ltr'>probe</span> <span class='ocrx_word' id='word_1_83' title='bbox 852 1753 1034 1836; x_wconf 75' lang='lat' dir='ltr'>dignoscere</span> <span class='ocrx_word' id='word_1_84' title='bbox 1050 1753 1131 1818; x_wconf 90' lang='lat' dir='ltr'>diffi-</span> 
     </span>
    </p>
   </div>
   <div class='ocr_carea' id='block_1_6' title="bbox 169 1865 1134 2506">
    <p class='ocr_par' dir='ltr' id='par_1_6' title="bbox 169 1865 1134 2506">
     <span class='ocr_line' id='line_1_14' title="bbox 242 1865 1131 1950; baseline 0.003 -23"><span class='ocrx_word' id='word_1_85' title='bbox 242 1865 397 1939; x_wconf 81' lang='lat' dir='ltr'>cillimum</span> <span class='ocrx_word' id='word_1_86' title='bbox 409 1866 453 1935; x_wconf 86' lang='lat' dir='ltr'>sit</span> <span class='ocrx_word' id='word_1_87' title='bbox 467 1867 601 1929; x_wconf 77' lang='lat' dir='ltr'>factum.</span> <span class='ocrx_word' id='word_1_88' title='bbox 649 1865 821 1944; x_wconf 82' lang='lat' dir='ltr'>Audaces,⁴</span> <span class='ocrx_word' id='word_1_89' title='bbox 835 1874 936 1950; x_wconf 78' lang='lat' dir='ltr'>porro,</span> <span class='ocrx_word' id='word_1_90' title='bbox 948 1880 1066 1945; x_wconf 86' lang='lat' dir='ltr'>nautae,</span> <span class='ocrx_word' id='word_1_91' title='bbox 1076 1866 1131 1950; x_wconf 90' lang='lat' dir='ltr'>qui</span> 
     </span>
     <span class='ocr_line' id='line_1_15' title="bbox 169 1964 1132 2066; baseline 0 -25"><span class='ocrx_word' id='word_1_92' title='bbox 169 1964 174 1974; x_wconf 46' lang='lat'>⁸</span> <span class='ocrx_word' id='word_1_93' title='bbox 241 1978 389 2061; x_wconf 79' lang='lat' dir='ltr'>regiones</span> <span class='ocrx_word' id='word_1_94' title='bbox 411 1979 590 2062; x_wconf 87' lang='lat' dir='ltr'>incognitas</span> <span class='ocrx_word' id='word_1_95' title='bbox 611 1980 771 2066; x_wconf 74' lang='lat' dir='ltr'>invenere,</span> <span class='ocrx_word' id='word_1_96' title='bbox 788 1980 822 2043; x_wconf 90' lang='lat' dir='ltr'>in</span> <span class='ocrx_word' id='word_1_97' title='bbox 837 1980 961 2044; x_wconf 82' lang='lat' dir='ltr'>ultimis</span> <span class='ocrx_word' id='word_1_98' title='bbox 974 1981 1056 2044; x_wconf 81' lang='lat' dir='ltr'>orbis</span> <span class='ocrx_word' id='word_1_99' title='bbox 1071 1992 1132 2042; x_wconf 90' lang='lat' dir='ltr'>ter·</span> 
     </span>
     <span class='ocr_line' id='line_1_16' title="bbox 242 2092 1108 2176; baseline 0.001 -23"><span class='ocrx_word' id='word_1_100' title='bbox 242 2110 350 2159; x_wconf 83' lang='lat' dir='ltr'>rarum</span> <span class='ocrx_word' id='word_1_101' title='bbox 363 2092 490 2175; x_wconf 84' lang='lat' dir='ltr'>angulis</span> <span class='ocrx_word' id='word_1_102' title='bbox 505 2092 743 2174; x_wconf 87' lang='lat' dir='ltr'>Washingtonii</span> <span class='ocrx_word' id='word_1_103' title='bbox 758 2113 873 2155; x_wconf 88' lang='lat' dir='ltr'>nomen</span> <span class='ocrx_word' id='word_1_104' title='bbox 888 2093 1108 2176; x_wconf 86' lang='lat' dir='ltr'>praedioabant.</span> 
     </span>
     <span class='ocr_line' id='line_1_17' title="bbox 286 2203 1131 2290; baseline 0.001 -27"><span class='ocrx_word' id='word_1_105' title='bbox 286 2203 526 2286; x_wconf 66' lang='lat' dir='ltr'>Waelringtonii</span> <span class='ocrx_word' id='word_1_106' title='bbox 557 2215 681 2267; x_wconf 89' lang='lat' dir='ltr'>statura</span> <span class='ocrx_word' id='word_1_107' title='bbox 710 2224 835 2287; x_wconf 85' lang='lat' dir='ltr'>procera</span> <span class='ocrx_word' id='word_1_108' title='bbox 864 2205 933 2267; x_wconf 85' lang='lat' dir='ltr'>fuit.</span> <span class='ocrx_word' id='word_1_109' title='bbox 981 2203 1131 2290; x_wconf 76' lang='lat' dir='ltr'>Coelurn,‘</span> 
     </span>
     <span class='ocr_line' id='line_1_18' title="bbox 244 2298 1131 2396; baseline 0.001 -21"><span class='ocrx_word' id='word_1_110' title='bbox 244 2334 306 2396; x_wconf 90' lang='lat' dir='ltr'>quo</span> <span class='ocrx_word' id='word_1_111' title='bbox 320 2298 509 2376; x_wconf 79' lang='lat' dir='ltr'>vescebatur</span> <span class='ocrx_word' id='word_1_112' title='bbox 524 2315 559 2375; x_wconf 91' lang='lat' dir='ltr'>in</span> <span class='ocrx_word' id='word_1_113' title='bbox 573 2314 744 2389; x_wconf 88' lang='lat' dir='ltr'>montibus,</span> <span class='ocrx_word' id='word_1_114' title='bbox 759 2314 942 2376; x_wconf 83' lang='lat' dir='ltr'>exercitatio</span> <span class='ocrx_word' id='word_1_115' title='bbox 954 2313 1131 2391; x_wconf 87' lang='lat' dir='ltr'>abundans,</span> 
     </span>
     <span class='ocr_line' id='line_1_19' title="bbox 243 2424 1134 2506; baseline 0.003 -19"><span class='ocrx_word' id='word_1_116' title='bbox 243 2424 371 2487; x_wconf 86' lang='lat' dir='ltr'>venatio</span> <span class='ocrx_word' id='word_1_117' title='bbox 392 2426 552 2506; x_wconf 84' lang='lat' dir='ltr'>frequens,</span> <span class='ocrx_word' id='word_1_118' title='bbox 573 2434 605 2485; x_wconf 91' lang='lat' dir='ltr'>et</span> <span class='ocrx_word' id='word_1_119' title='bbox 627 2445 701 2485; x_wconf 91' lang='lat' dir='ltr'>rura</span> <span class='ocrx_word' id='word_1_120' title='bbox 725 2445 859 2502; x_wconf 84' lang='lat' dir='ltr'>amaena,</span> <span class='ocrx_word' id='word_1_121' title='bbox 875 2426 1016 2488; x_wconf 89' lang='lat' dir='ltr'>membra</span> <span class='ocrx_word' id='word_1_122' title='bbox 1032 2427 1061 2488; x_wconf 88' lang='lat' dir='ltr'>ei</span> <span class='ocrx_word' id='word_1_123' title='bbox 1078 2447 1134 2490; x_wconf 88' lang='lat' dir='ltr'>ve·</span> 
     </span>
    </p>
   </div>
   <div class='ocr_carea' id='block_1_7' title="bbox 15 2517 1134 2734">
    <p class='ocr_par' dir='ltr' id='par_1_7' title="bbox 15 2517 1134 2734">
     <span class='ocr_line' id='line_1_20' title="bbox 15 2517 1133 2620; baseline 0 -18"><span class='ocrx_word' id='word_1_124' title='bbox 15 2517 50 2594; x_wconf 61' lang='lat' dir='ltr'>sa</span> <span class='ocrx_word' id='word_1_125' title='bbox 77 2581 124 2607; x_wconf 37' lang='grc' dir='ltr'>,μ</span> <span class='ocrx_word' id='word_1_126' title='bbox 138 2584 147 2605; x_wconf 44' lang='lat'>„2</span> <span class='ocrx_word' id='word_1_127' title='bbox 245 2546 333 2620; x_wconf 79' lang='lat' dir='ltr'>geta,</span> <span class='ocrx_word' id='word_1_128' title='bbox 348 2547 380 2598; x_wconf 89' lang='lat' dir='ltr'>et</span> <span class='ocrx_word' id='word_1_129' title='bbox 395 2535 491 2600; x_wconf 76' lang='lat' dir='ltr'>valde</span> <span class='ocrx_word' id='word_1_130' title='bbox 506 2535 621 2599; x_wconf 87' lang='lat' dir='ltr'>deeora</span> <span class='ocrx_word' id='word_1_131' title='bbox 637 2535 799 2600; x_wconf 87' lang='lat' dir='ltr'>dederant.</span> <span class='ocrx_word' id='word_1_132' title='bbox 846 2538 977 2601; x_wconf 87' lang='lat' dir='ltr'>Roboris</span> <span class='ocrx_word' id='word_1_133' title='bbox 990 2560 1065 2618; x_wconf 86' lang='lat' dir='ltr'>eum</span> <span class='ocrx_word' id='word_1_134' title='bbox 1077 2539 1133 2603; x_wconf 88' lang='lat' dir='ltr'>de-</span> 
     </span>
     <span class='ocr_line' id='line_1_21' title="bbox 48 2626 1134 2734; baseline -0.002 -16"><span class='ocrx_word' id='word_1_135' title='bbox 48 2711 52 2718; x_wconf 92' lang='lat'><em>.</em></span> <span class='ocrx_word' id='word_1_136' title='bbox 140 2640 169 2676; x_wconf 50' lang='lat'>³²</span> <span class='ocrx_word' id='word_1_137' title='bbox 243 2626 315 2714; x_wconf 82' lang='lat' dir='ltr'>eore</span> <span class='ocrx_word' id='word_1_138' title='bbox 330 2649 492 2734; x_wconf 85' lang='lat' dir='ltr'>conjuncti</span> <span class='ocrx_word' id='word_1_139' title='bbox 503 2649 639 2733; x_wconf 85' lang='lat' dir='ltr'>speeiem</span> <span class='ocrx_word' id='word_1_140' title='bbox 650 2651 734 2712; x_wconf 86' lang='lat' dir='ltr'>frons</span> <span class='ocrx_word' id='word_1_141' title='bbox 745 2649 813 2733; x_wconf 90' lang='lat' dir='ltr'>ejus</span> <span class='ocrx_word' id='word_1_142' title='bbox 823 2652 1012 2716; x_wconf 87' lang='lat' dir='ltr'>ostentabat.</span> <span class='ocrx_word' id='word_1_143' title='bbox 1057 2651 1134 2716; x_wconf 82' lang='lat' dir='ltr'>For·</span> 
     </span>
    </p>
   </div>
   <div class='ocr_carea' id='block_1_8' title="bbox 244 2763 1133 2961">
    <p class='ocr_par' dir='ltr' id='par_1_8' title="bbox 244 2763 1133 2961">
     <span class='ocr_line' id='line_1_22' title="bbox 244 2763 1133 2848; baseline 0.003 -20"><span class='ocrx_word' id='word_1_144' title='bbox 244 2785 299 2828; x_wconf 91' lang='lat' dir='ltr'>ma</span> <span class='ocrx_word' id='word_1_145' title='bbox 308 2763 378 2847; x_wconf 90' lang='lat' dir='ltr'>ejus</span> <span class='ocrx_word' id='word_1_146' title='bbox 388 2763 508 2841; x_wconf 74' lang='lat' dir='ltr'>nobilia,</span> <span class='ocrx_word' id='word_1_147' title='bbox 522 2763 663 2827; x_wconf 84' lang='lat' dir='ltr'>incessus</span> <span class='ocrx_word' id='word_1_148' title='bbox 677 2763 843 2847; x_wconf 86' lang='lat' dir='ltr'>majestate</span> <span class='ocrx_word' id='word_1_149' title='bbox 857 2765 981 2848; x_wconf 86' lang='lat' dir='ltr'>plenus.</span> <span class='ocrx_word' id='word_1_150' title='bbox 1018 2766 1133 2844; x_wconf 90' lang='lat' dir='ltr'>Nemo,</span> 
     </span>
     <span class='ocr_line' id='line_1_23' title="bbox 245 2875 972 2961; baseline 0.004 -22"><span class='ocrx_word' id='word_1_151' title='bbox 245 2877 313 2940; x_wconf 89' lang='lat' dir='ltr'>sine</span> <span class='ocrx_word' id='word_1_152' title='bbox 328 2876 531 2952; x_wconf 74' lang='lat' dir='ltr'>verecundia,</span> <span class='ocrx_word' id='word_1_153' title='bbox 548 2875 680 2938; x_wconf 86' lang='lat' dir='ltr'>adeum</span> <span class='ocrx_word' id='word_1_154' title='bbox 697 2876 845 2939; x_wconf 83' lang='lat' dir='ltr'>accedere</span> <span class='ocrx_word' id='word_1_155' title='bbox 861 2880 972 2961; x_wconf 87' lang='lat' dir='ltr'>potuit.</span> 
     </span>
    </p>
   </div>
   <div class='ocr_carea' id='block_1_9' title="bbox 249 2999 1145 3681">
    <p class='ocr_par' dir='ltr' id='par_1_9' title="bbox 278 2999 1145 3073">
     <span class='ocr_line' id='line_1_24' title="bbox 278 2999 1145 3073; baseline 0.001 -22"><span class='ocrx_word' id='word_1_156' title='bbox 278 3009 287 3043; x_wconf 80' lang='lat'>¹</span> <span class='ocrx_word' id='word_1_157' title='bbox 301 3003 376 3064; x_wconf 71' lang='lat' dir='ltr'>Ergo,</span> <span class='ocrx_word' id='word_1_158' title='bbox 390 3001 436 3063; x_wconf 79' lang='lat' dir='ltr'>(sor</span> <span class='ocrx_word' id='word_1_159' title='bbox 445 3003 540 3065; x_wconf 51' lang='lat' dir='ltr'>eausa)</span> <span class='ocrx_word' id='word_1_160' title='bbox 554 2999 610 3049; x_wconf 84' lang='lat' dir='ltr'>“for</span> <span class='ocrx_word' id='word_1_161' title='bbox 619 3001 659 3050; x_wconf 81' lang='lat' dir='ltr'>the</span> <span class='ocrx_word' id='word_1_162' title='bbox 669 3001 730 3050; x_wconf 83' lang='lat' dir='ltr'>sake</span> <span class='ocrx_word' id='word_1_163' title='bbox 738 3001 767 3050; x_wconf 85' lang='lat' dir='ltr'>of</span> <span class='ocrx_word' id='word_1_164' title='bbox 778 3001 896 3066; x_wconf 81' lang='lat' dir='ltr'>gratitudo</span> <span class='ocrx_word' id='word_1_165' title='bbox 901 3007 929 3066; x_wconf 82' lang='lat'>;”</span> <span class='ocrx_word' id='word_1_166' title='bbox 941 3003 997 3054; x_wconf 80' lang='lat' dir='ltr'>thus</span> <span class='ocrx_word' id='word_1_167' title='bbox 1007 3002 1093 3067; x_wconf 84' lang='lat' dir='ltr'>Virgil,</span> <span class='ocrx_word' id='word_1_168' title='bbox 1138 3063 1145 3073; x_wconf 81' lang='lat'><strong>.</strong></span> 
     </span>
    </p>

    <p class='ocr_par' dir='ltr' id='par_1_10' title="bbox 260 3079 902 3216">
     <span class='ocr_line' id='line_1_25' title="bbox 260 3079 835 3142; baseline 0.009 -20"><span class='ocrx_word' id='word_1_169' title='bbox 260 3101 262 3105; x_wconf 37' lang='lat' dir='ltr'><strong>f</strong></span> <span class='ocrx_word' id='word_1_170' title='bbox 549 3079 638 3127; x_wconf 74' lang='lat' dir='ltr'>“Illita</span> <span class='ocrx_word' id='word_1_171' title='bbox 648 3082 835 3142; x_wconf 78' lang='lat' dir='ltr'>ergeuenimus.’&#39;</span> 
     </span>
     <span class='ocr_line' id='line_1_26' title="bbox 435 3155 902 3216; baseline 0 -12"><span class='ocrx_word' id='word_1_172' title='bbox 435 3158 450 3184; x_wconf 89' lang='lat'><strong>“</strong></span> <span class='ocrx_word' id='word_1_173' title='bbox 461 3156 504 3204; x_wconf 85' lang='lat' dir='ltr'>We</span> <span class='ocrx_word' id='word_1_174' title='bbox 515 3155 570 3202; x_wconf 75' lang='lat' dir='ltr'>leuve</span> <span class='ocrx_word' id='word_1_175' title='bbox 580 3171 640 3203; x_wconf 78' lang='lat' dir='ltr'>conae</span> <span class='ocrx_word' id='word_1_176' title='bbox 650 3172 680 3203; x_wconf 84' lang='lat' dir='ltr'>ou</span> <span class='ocrx_word' id='word_1_177' title='bbox 690 3162 784 3204; x_wconf 79' lang='lat' dir='ltr'>account</span> <span class='ocrx_word' id='word_1_178' title='bbox 793 3156 821 3216; x_wconf 86' lang='lat' dir='ltr'>os</span> <span class='ocrx_word' id='word_1_179' title='bbox 831 3157 902 3204; x_wconf 63' lang='lat' dir='ltr'>tina’r</span> 
     </span>
    </p>

    <p class='ocr_par' dir='ltr' id='par_1_11' title="bbox 279 3228 1065 3297">
     <span class='ocr_line' id='line_1_27' title="bbox 279 3228 1065 3297; baseline 0.004 -18"><span class='ocrx_word' id='word_1_180' title='bbox 279 3234 294 3272; x_wconf 70' lang='lat'><strong>¹</strong></span> <span class='ocrx_word' id='word_1_181' title='bbox 309 3228 340 3279; x_wconf 79' lang='lat' dir='ltr'>Ut</span> <span class='ocrx_word' id='word_1_182' title='bbox 347 3231 480 3291; x_wconf 63' lang='lat' dir='ltr'>plurimum</span> <span class='ocrx_word' id='word_1_183' title='bbox 492 3234 507 3259; x_wconf 91' lang='lat'>“</span> <span class='ocrx_word' id='word_1_184' title='bbox 514 3230 551 3281; x_wconf 83' lang='lat' dir='ltr'>for</span> <span class='ocrx_word' id='word_1_185' title='bbox 560 3231 600 3280; x_wconf 85' lang='lat' dir='ltr'>tha</span> <span class='ocrx_word' id='word_1_186' title='bbox 610 3238 674 3280; x_wconf 86' lang='lat' dir='ltr'>most</span> <span class='ocrx_word' id='word_1_187' title='bbox 682 3237 736 3295; x_wconf 82' lang='lat' dir='ltr'>part</span> <span class='ocrx_word' id='word_1_188' title='bbox 745 3235 768 3293; x_wconf 80' lang='lat'>;”</span> <span class='ocrx_word' id='word_1_189' title='bbox 785 3232 913 3296; x_wconf 80' lang='lat' dir='ltr'>generally,</span> <span class='ocrx_word' id='word_1_190' title='bbox 923 3231 1065 3297; x_wconf 87' lang='lat' dir='ltr'>eommonly.</span> 
     </span>
    </p>

    <p class='ocr_par' dir='ltr' id='par_1_12' title="bbox 249 3305 1135 3451">
     <span class='ocr_line' id='line_1_28' title="bbox 279 3305 1135 3374; baseline 0.015 -26"><span class='ocrx_word' id='word_1_191' title='bbox 279 3305 374 3365; x_wconf 71' lang='lat' dir='ltr'>ePaga‘,</span> <span class='ocrx_word' id='word_1_192' title='bbox 393 3308 442 3367; x_wconf 61' lang='lat' dir='ltr'>ta,</span> <span class='ocrx_word' id='word_1_193' title='bbox 458 3306 586 3371; x_wconf 82' lang='lat' dir='ltr'>“villages,</span> <span class='ocrx_word' id='word_1_194' title='bbox 600 3314 689 3370; x_wconf 49' lang='lat' dir='ltr'>¹towns¹</span> <span class='ocrx_word' id='word_1_195' title='bbox 710 3307 784 3369; x_wconf 72' lang='lat' dir='ltr'>ciues,</span> <span class='ocrx_word' id='word_1_196' title='bbox 800 3306 909 3370; x_wconf 79' lang='lat' dir='ltr'>districts,</span> <span class='ocrx_word' id='word_1_197' title='bbox 925 3308 1039 3371; x_wconf 68' lang='lat' dir='ltr'>corretion,</span> <span class='ocrx_word' id='word_1_198' title='bbox 1054 3309 1135 3374; x_wconf 85' lang='lat' dir='ltr'>publio</span> 
     </span>
     <span class='ocr_line' id='line_1_29' title="bbox 249 3379 1111 3451; baseline 0.007 -22"><span class='ocrx_word' id='word_1_199' title='bbox 249 3379 351 3440; x_wconf 72' lang='lat' dir='ltr'>schools,</span> <span class='ocrx_word' id='word_1_200' title='bbox 362 3380 461 3444; x_wconf 85' lang='lat' dir='ltr'>rejoioed</span> <span class='ocrx_word' id='word_1_201' title='bbox 471 3390 496 3432; x_wconf 90' lang='lat' dir='ltr'>to</span> <span class='ocrx_word' id='word_1_202' title='bbox 505 3385 562 3432; x_wconf 84' lang='lat' dir='ltr'>take</span> <span class='ocrx_word' id='word_1_203' title='bbox 572 3391 597 3433; x_wconf 84' lang='lat' dir='ltr'>ta</span> <span class='ocrx_word' id='word_1_204' title='bbox 607 3385 749 3434; x_wconf 82' lang='lat' dir='ltr'>themselves</span> <span class='ocrx_word' id='word_1_205' title='bbox 759 3384 799 3434; x_wconf 86' lang='lat' dir='ltr'>the</span> <span class='ocrx_word' id='word_1_206' title='bbox 808 3401 880 3433; x_wconf 81' lang='lat' dir='ltr'>name</span> <span class='ocrx_word' id='word_1_207' title='bbox 890 3385 1111 3451; x_wconf 77' lang='lat' dir='ltr'>of‘Washington.”</span> 
     </span>
    </p>

    <p class='ocr_par' dir='ltr' id='par_1_13' title="bbox 250 3458 1134 3681">
     <span class='ocr_line' id='line_1_30' title="bbox 280 3458 1134 3528; baseline 0.014 -25"><span class='ocrx_word' id='word_1_208' title='bbox 280 3466 292 3502; x_wconf 75' lang='lat' dir='ltr'>r</span> <span class='ocrx_word' id='word_1_209' title='bbox 307 3458 419 3518; x_wconf 64' lang='lat' dir='ltr'>Aeduos,</span> <span class='ocrx_word' id='word_1_210' title='bbox 439 3462 488 3519; x_wconf 56' lang='lat' dir='ltr'>eja,</span> <span class='ocrx_word' id='word_1_211' title='bbox 504 3463 520 3489; x_wconf 72' lang='lat'>‘⁸</span> <span class='ocrx_word' id='word_1_212' title='bbox 526 3460 687 3524; x_wconf 81' lang='lat' dir='ltr'>furthennore,</span> <span class='ocrx_word' id='word_1_213' title='bbox 707 3461 868 3512; x_wconf 82' lang='lat' dir='ltr'>adventurous</span> <span class='ocrx_word' id='word_1_214' title='bbox 887 3462 1007 3528; x_wconf 74' lang='lat' dir='ltr'>marinam,</span> <span class='ocrx_word' id='word_1_215' title='bbox 1014 3465 1070 3514; x_wconf 84' lang='lat' dir='ltr'>who</span> <span class='ocrx_word' id='word_1_216' title='bbox 1085 3465 1134 3515; x_wconf 76' lang='lat' dir='ltr'>‹lis-</span> 
     </span>
     <span class='ocr_line' id='line_1_31' title="bbox 250 3533 1134 3609; baseline 0.011 -25"><span class='ocrx_word' id='word_1_217' title='bbox 250 3533 350 3584; x_wconf 68' lang='lat' dir='ltr'>covered</span> <span class='ocrx_word' id='word_1_218' title='bbox 361 3533 486 3583; x_wconf 86' lang='lat' dir='ltr'>unknown</span> <span class='ocrx_word' id='word_1_219' title='bbox 496 3536 597 3599; x_wconf 84' lang='lat' dir='ltr'>regions,</span> <span class='ocrx_word' id='word_1_220' title='bbox 608 3537 751 3602; x_wconf 82' lang='lat' dir='ltr'>proelaimed</span> <span class='ocrx_word' id='word_1_221' title='bbox 761 3536 802 3586; x_wconf 80' lang='lat' dir='ltr'>the</span> <span class='ocrx_word' id='word_1_222' title='bbox 810 3554 883 3589; x_wconf 89' lang='lat' dir='ltr'>name</span> <span class='ocrx_word' id='word_1_223' title='bbox 892 3538 1097 3609; x_wconf 72' lang='lat' dir='ltr'>ofWuhington,</span> <span class='ocrx_word' id='word_1_224' title='bbox 1106 3542 1134 3594; x_wconf 83' lang='lat' dir='ltr'>in</span> 
     </span>
     <span class='ocr_line' id='line_1_32' title="bbox 251 3609 752 3681; baseline 0.012 -21"><span class='ocrx_word' id='word_1_225' title='bbox 251 3612 292 3664; x_wconf 77' lang='lat' dir='ltr'>the</span> <span class='ocrx_word' id='word_1_226' title='bbox 301 3609 464 3661; x_wconf 68' lang='lat' dir='ltr'>medicant</span> <span class='ocrx_word' id='word_1_227' title='bbox 473 3627 570 3670; x_wconf 78' lang='lat' dir='ltr'>cornera</span> <span class='ocrx_word' id='word_1_228' title='bbox 578 3614 606 3664; x_wconf 81' lang='lat' dir='ltr'>ol</span> <span class='ocrx_word' id='word_1_229' title='bbox 610 3616 651 3665; x_wconf 82' lang='lat' dir='ltr'>the</span> <span class='ocrx_word' id='word_1_230' title='bbox 660 3616 752 3681; x_wconf 67' lang='lat' dir='ltr'>glaber</span> 
     </span>
    </p>
   </div>
   <div class='ocr_carea' id='block_1_10' title="bbox 282 3689 898 3756">
    <p class='ocr_par' dir='ltr' id='par_1_14' title="bbox 282 3689 898 3756">
     <span class='ocr_line' id='line_1_33' title="bbox 282 3689 898 3756; baseline 0.005 -12"><span class='ocrx_word' id='word_1_231' title='bbox 282 3696 294 3734; x_wconf 74' lang='grc' dir='ltr'>Ι</span> <span class='ocrx_word' id='word_1_232' title='bbox 313 3690 407 3753; x_wconf 67' lang='lat' dir='ltr'>colea</span> <span class='ocrx_word' id='word_1_233' title='bbox 418 3691 468 3754; x_wconf 50' lang='grc' dir='ltr'>ὅτι,</span> <span class='ocrx_word' id='word_1_234' title='bbox 479 3690 682 3756; x_wconf 52' lang='lat' dir='ltr'>“uolitabat</span> <span class='ocrx_word' id='word_1_235' title='bbox 690 3691 802 3756; x_wconf 53' lang='lat' dir='ltr'>ham.</span> <span class='ocrx_word' id='word_1_236' title='bbox 896 3689 898 3693; x_wconf 65' lang='grc'>’</span> 
     </span>
    </p>
   </div>
   <div class='ocr_carea' id='block_1_11' title="bbox 0 0 1315 4514">
    <p class='ocr_par' dir='ltr' id='par_1_15' title="bbox 0 0 1315 4514">
     <span class='ocr_line' id='line_1_34' title="bbox 0 0 1315 4514; baseline 0 0"><span class='ocrx_word' id='word_1_237' title='bbox 0 0 1315 4514; x_wconf 95' lang='lat' dir='ltr'> </span> 
     </span>
    </p>
   </div>
  </div>
 </body>
</html>
