2594 4514
200 543 286 630 apud
300 542 410 608 Gallos
424 555 571 609 exortum
583 544 632 609 sit
657 543 783 609 Clerici¹
799 540 921 619 Gallici,
936 561 997 605 nec
1010 561 1076 606 non

199 656 345 731 nobilitas
373 656 583 739 primoresque
607 657 774 740 imperium
784 655 896 735 „nimia
921 673 1017 736 gravo
1041 653 1077 731 iu

199 768 323 854 plebem
344 786 489 831 exercere
503 777 671 851 emperant.
717 767 771 833 Aa
786 767 855 844 hoc,
871 766 1078 831 Americeuo·

200 899 272 956 rum
281 879 428 962 exemplo
437 879 558 943 incitati
571 889 647 943 sunt
657 879 823 962 Gallhqui,
832 879 984 943 libertatis
993 879 1079 941 bona

201 988 287 1074 opud
307 991 513 1056 Americanos
534 991 687 1069 videntes,
709 991 846 1056 similem
865 991 924 1055 sibi
946 990 1079 1053 felicita·

124 1103 126 1107 ’
200 1111 266 1178 tem
295 1103 515 1185 fortunamque
550 1104 765 1188 exoptabant:
800 1102 914 1186 plures,
941 1103 1080 1186 insuper,

200 1211 287 1298 apud
306 1213 426 1291 Gallos,
447 1219 620 1296 provenere
640 1216 811 1298 scriptores,
834 1215 888 1296 qui
909 1213 1081 1277 nobilitatis

200 1325 428 1407 etulericorum
443 1325 622 1408 superbiam
637 1335 670 1388 et
685 1325 906 1390 crudelitatem
922 1323 1082 1401 insectari,

200 1447 233 1515 ct
246 1437 356 1521 palem
368 1436 603 1520 reprehendere,
618 1458 681 1502 non
696 1436 933 1502 dubitaverunt.
986 1442 989 1446 ’

240 1550 332 1627 Hae,¹
345 1549 484 1625 insitam,
501 1570 604 1622 cause
622 1550 767 1628 extitere,
782 1548 897 1631 quibus
919 1547 1083 1632 impellen·

200 1661 295 1738 tibus,
307 1681 356 1725 res
367 1678 466 1725 novas
478 1672 625 1745 exoptare
642 1661 727 1726 Galli
741 1672 917 1745 coeperunt,
959 1661 1081 1725 Earum

200 1791 307 1839 rerum
331 1793 484 1837 novarum
507 1774 636 1838 initium
660 1773 700 1837 de
720 1774 874 1850 libertate,
896 1783 929 1836 et
955 1772 1083 1856 generis

200 1881 342 1951 humant
362 1885 472 1946 amicis
495 1885 615 1966 optime
639 1884 750 1947 mereri
769 1884 954 1961 videbatur;
978 1895 1023 1960 at,
1038 1901 1081 1946 ex

201 1995 289 2063 bonis
304 1995 409 2072 initiis,
423 2005 556 2065 eventus
570 1995 698 2079 pessimi
713 1999 883 2078 provenere
895 2018 904 2072 ;
929 1993 1085 2056 civem-de

202 2107 381 2191 principatu
392 2107 473 2170 inter
482 2128 551 2169 sese
564 2117 700 2184 certare;
717 2107 900 2183 interficere,
912 2104 1084 2183 trucidare,

202 2219 364 2303 jugulare,
380 2221 490 2287 omnia
503 2241 593 2284 sacra
609 2220 752 2296 miscere,
767 2219 911 2296 turbare;
934 2218 1016 2280 inter
1029 2217 1085 2280 bo·

200 2351 260 2402 nos
280 2344 313 2394 et
333 2333 434 2396 malos
453 2332 634 2396 discsmerr
648 2332 787 2408 nullum,
803 2352 912 2395 omnes
928 2331 1085 2394 honorum

202 2454 234 2509 et
249 2443 415 2526 dignitatis
432 2445 549 2527 gradus
565 2446 689 2529 penitus
704 2445 854 2509 abolere.⁵

212 2599 218 2614 2
247 2556 439 2620 Bellatorum
454 2559 610 2635 omnium,
625 2558 680 2641 qui
695 2569 751 2621 aut
765 2558 917 2634 existunt,
934 2566 992 2618 aut
1006 2555 1084 2620 olim

203 2668 349 2742 extitere,
365 2668 527 2749 Napoleon
549 2670 736 2752 Bonaparte,
754 2669 963 2751 proculdubio,
978 2669 1088 2730 maxi·

204 2798 278 2840 mus
301 2777 371 2840 fuit.
417 2777 657 2858 Rempublicarn
685 2778 842 2841 Gallicam
870 2778 1026 2840 ordinavit
1052 2786 1085 2838 et

455 399 704 454 stomacacen
728 399 815 449 rrae
1011 379 1077 446 108

236 2938 245 2971 1
265 2931 355 2990 Clerici,
372 2927 411 2977 dre
426 2927 520 2976 Frouch
538 2928 661 2992 “clergy.”
692 2929 747 2977 The
760 2944 825 2976 noun
842 2929 945 2988 derives,
960 2925 988 2975 of
1002 2927 1085 2976 Greek

204 3006 342 3068 derivatiou,
352 3005 373 3054 is
383 3011 425 3055 not
434 3004 493 3053 used
503 3006 536 3068 by
545 3021 590 3066 any
599 3006 671 3054 Latio
680 3006 766 3053 ohtric.
795 3004 924 3064 However,
933 2998 1085 3068 iffexpresses

205 3085 271 3140 what
279 3099 318 3134 we
331 3081 479 3132 understand
487 3082 520 3146 by
529 3081 569 3130 the
578 3088 638 3130 term
647 3072 734 3145 cler'gy,
745 3079 802 3129 with
812 3079 931 3129 sufficient
939 3094 1062 3145 occurocy.

235 3171 247 3206 a
262 3163 316 3222 He,
328 3164 378 3223 be,
389 3160 476 3208 “these
491 3174 561 3221 were,
577 3159 686 3223 perhaps,
699 3159 739 3207 the
753 3173 845 3218 causes,
861 3156 940 3206 which
954 3156 1085 3224 impelling,

205 3239 246 3291 ne
255 3238 349 3289 Freuch
357 3241 437 3302 hogen
447 3244 471 3286 to
480 3236 542 3286 wish
552 3237 623 3285 much
633 3236 668 3285 for
677 3253 692 3284 e
701 3234 853 3284 revolution”

236 3324 248 3358 Ι
266 3318 339 3376 Cicer,
356 3319 405 3376 dfe,
416 3314 476 3364 “the
495 3313 610 3377 (French)
624 3312 721 3362 citizens
733 3312 823 3374 (degon,
833 3317 945 3374 ceperum
959 3311 1084 3377 beingah-

206 3392 326 3456 derstood)
339 3400 363 3442 to
372 3390 475 3441 eontend
485 3390 541 3440 with
550 3391 609 3440 each
617 3391 690 3451 other,
698 3387 833 3453 respecting
840 3388 879 3438 tbe
888 3388 1084 3453 pre-eminenoe.”

236 3478 248 3513 ⁴
265 3471 402 3530 odoenus,
413 3468 498 3517 “there
512 3483 565 3518 was
580 3483 612 3518 no
628 3465 764 3517 distinction
779 3467 887 3517 between
903 3466 943 3515 tho
958 3465 1020 3531 good
1035 3462 1085 3512 and

207 3545 277 3597 hadr
377 3575 380 3581 ·

237 3623 359 3683 ‘diodero
366 3625 416 3683 lfa,
425 3621 670 3684 (sciliceteopeuetb
682 3621 758 3686 “they
766 3622 860 3685 (degeo)
868 3613 1085 3685 utterlytoebplislt

209 3697 241 3749 cu
250 3696 348 3763 degrees
357 3697 386 3749 os
395 3698 482 3749 honora
492 3699 541 3749 and
550 3697 666 3764 dignityfl,

636 3782 659 3826 lt
