2594 4514
235 316 298 382 182
491 331 743 379 wisamcaorur
766 331 854 376 vrm.

233 497 313 557 ram,
337 478 599 563 vituperationem
625 477 778 560 injustam
803 473 1040 554 contemnendo,
1065 484 1114 539 est

234 590 379 675 adeptus.

277 703 347 768 Etsi
374 703 541 767 hominurn
565 723 706 780 numero,
731 701 898 786 disciplina
919 700 1056 779 militari,
1081 711 1115 764 et

232 827 387 900 apparatu
409 816 530 892 bellico,
545 815 684 878 hostibus
706 815 801 897 longe
822 814 927 898 dispar
949 825 1026 892 erat,
1042 815 1115 877 nul·

233 927 310 1006 lam,
325 939 443 1006 tamen,
459 928 621 991 victoriam
636 927 814 1013 reportandi
828 926 1024 990 occasionem
1042 927 1115 989 hos·

234 1040 315 1103 tibus
337 1039 446 1118 dedit;
470 1062 529 1104 nee
547 1040 703 1104 occasioni
725 1039 781 1102 ulli
803 1038 869 1123 ipse
892 1037 1007 1114 deerat,
1024 1037 1116 1120 siqua

234 1158 274 1221 ab
296 1157 437 1220 hostibus
452 1156 671 1220 daretur-ln
687 1154 866 1218 certaminis
888 1153 996 1216 ardore
1011 1151 1115 1215 maxi-

232 1290 294 1346 mo,
322 1269 559 1353 Washingtonii
586 1267 754 1352 prudentia
781 1266 878 1329 saluti
904 1265 1011 1348 patria
1042 1264 1113 1327 fuit.

231 1381 384 1445 Veterum
406 1381 539 1444 annales
554 1378 797 1461 Washingtonio
813 1397 919 1461 parem
934 1376 1037 1439 ullum
1059 1397 1116 1439 ex·

232 1492 338 1557 hibere
354 1503 528 1576 nequeunt.
576 1490 745 1554 Iracundia
759 1500 791 1552 et
806 1488 910 1552 studio
926 1488 1015 1552 inani
1030 1488 1116 1552 omni

233 1605 330 1688 plane
345 1626 470 1668 vacuus
485 1604 556 1666 fuit.

277 1717 340 1780 Tot
354 1728 477 1779 natura
492 1715 616 1779 dotibus
631 1715 777 1800 praeditus
789 1726 865 1794 erat,
882 1717 932 1780 ut¹
943 1714 989 1778 nil
1001 1713 1116 1799 majus,

233 1827 295 1894 Dei
313 1849 455 1906 munere,
476 1829 658 1892 mortalibus
685 1849 829 1911 unquam
853 1848 1040 1892 eoncessum
1065 1827 1115 1890 sit.

233 1940 470 2025 Washingtonii
492 1941 627 2026 probitas
644 1941 808 2026 corrumpi,
824 1952 881 2004 aut
895 1942 918 2006 b
932 1952 1016 2004 recto
1034 1939 1118 2004 flecti

235 2052 325 2118 haud
353 2065 481 2139 poterat
537 2054 619 2117 Noc²
644 2053 802 2132 simulare,
834 2076 893 2117 nec
920 2053 1119 2118 dissimulare

234 2167 363 2230 sciebat
411 2167 550 2230 Consilia
560 2167 630 2250 ejus
642 2187 765 2250 semper
777 2167 922 2244 honesta,
937 2177 969 2228 et
981 2167 1021 2229 ab
1031 2164 1119 2228 omni

236 2278 432 2362 turpitudine
447 2278 543 2359 longe
558 2288 665 2339 amota
679 2280 779 2341 fuere.

279 2389 521 2471 Rempublicam
550 2387 618 2458 sine
648 2387 759 2450 fraude
791 2387 1052 2467 administrabat;
1086 2400 1119 2453 et

235 2497 390 2580 quidquid
403 2498 523 2561 civibus
538 2508 595 2559 aut
609 2498 789 2561 nationibus
800 2499 916 2563 exteris
931 2499 1120 2585 sposponde-

235 2621 294 2688 rat,
309 2610 429 2674 sincere
451 2621 484 2672 et
498 2610 566 2672 sine
590 2609 712 2674 invidit
727 2611 795 2676 ula
818 2612 879 2676 dici
894 2614 1004 2678 voluit.
1051 2614 1119 2680 Nec

235 2723 346 2788 fraude
361 2745 420 2786 nec
435 2723 564 2787 fallacia
578 2723 635 2802 uti,
651 2724 769 2788 ratione
784 2725 864 2805 ulla,
880 2738 1010 2811 poterat.
1047 2728 1119 2793 Dis-

235 2837 355 2902 crimen
370 2837 557 2922 sapientiam
571 2837 653 2899 inter
669 2848 701 2900 et
712 2838 871 2902 vafritiem
887 2851 1026 2905 statuere
1041 2842 1119 2905 scie-

267 3081 277 3116 ¹
295 3075 333 3135 Ut,
345 3079 394 3137 lfa,
404 3076 477 3126 “thu
486 3075 587 3142 nothing
602 3082 695 3141 greater
706 3037 774 3139 (than
789 3077 830 3142 he)
842 3095 894 3128 was
909 3095 964 3129 ever
977 3079 1079 3144 granted
1094 3087 1119 3131 to

236 3151 335 3200 mortale
344 3152 377 3215 by
386 3152 426 3201 the
436 3153 594 3203 munificence
603 3152 632 3202 of
641 3154 682 3202 the
694 3153 789 3232 Deity.”

268 3261 280 3300 a
294 3256 362 3317 Nee,
374 3260 423 3318 te,
431 3257 483 3306 “he
492 3257 583 3307 neither
592 3257 665 3308 knew
672 3259 758 3308 howtn
768 3258 889 3323 leign,nor
897 3259 1046 3310 disaomble.”
1062 3262 1118 3313 Tho

236 3331 294 3381 verb
304 3332 384 3383 unua
394 3348 485 3395 means,
495 3336 511 3385 1
519 3335 596 3398 setgn,
606 3351 633 3385 or
644 3338 741 3398 pretmd
753 3352 768 3384 o
782 3337 848 3399 thing
862 3337 910 3384 ttae
924 3338 975 3384 doct
988 3343 1028 3387 not
1043 3341 1117 3400 eatur,-

237 3407 287 3457 and
297 3408 421 3469 memte,
431 3411 447 3458 Ι
453 3413 548 3468 concert
558 3427 585 3460 or
594 3414 733 3461 diamnblea
742 3413 837 3474 renue.-
854 3412 917 3473 thus,
925 3412 1023 3474 Sallust,
1031 3415 1117 3479 speak-

237 3500 281 3548 mg
296 3483 324 3533 of
334 3484 375 3534 the
390 3485 511 3536 chmcter
526 3487 554 3536 of
564 3488 674 3551 Catiline
691 3505 755 3554 says,
766 3491 781 3517 “
788 3489 917 3550 simulator,
928 3495 949 3537 et
964 3491 1118 3542 &summor

249 3610 250 3613 ,
271 3563 277 3575 ”
317 3564 357 3610 'et
374 3563 439 3622 retu
455 3563 503 3613 “te
519 3579 568 3614 uer
583 3581 598 3615 a
614 3567 777 3630 concluserim,
793 3567 840 3615 md
854 3582 869 3616 o
882 3567 1012 3618 dhamrller
1027 3569 1056 3633 q!
1072 3586 1117 3636 eng

237 3641 328 3707 my
1054 3668 1057 3675 .
