2594 4514
458 419 711 466 ursnrrtcrorur
735 420 824 465 vrrs.
1043 402 1081 464 tt

199 587 318 635 munus
350 565 423 631 late
453 578 632 651 acceptum,
659 564 986 649 Washingtoniusque
1014 545 1087 628 sese

201 677 402 745 Alexandria
427 676 624 742 Braddookio
647 678 783 756 ascivit3
815 687 848 740 et
870 675 912 739 ad
934 697 1087 761 aggerem

124 830 128 837 =
202 794 311 878 postea
342 772 557 854 Cumberland
585 801 819 875 nuncupatum,
851 790 966 854 comite
994 790 1087 868 duce,

202 903 360 989 processit.

164 1045 166 1050 ·
247 1019 320 1096 Hic,
328 1038 488 1102 equorum,
496 1017 717 1101 plaustrorum,
725 1017 974 1101 cibariorumque
983 1016 1091 1102 inopia

202 1130 324 1195 dierum
335 1130 504 1194 duodecim
514 1149 670 1193 remoram
680 1129 832 1193 exercitui
841 1129 959 1213 injecit.
983 1131 1091 1214 Equo·

115 1328 118 1337 Ι
202 1265 274 1307 rum
296 1245 530 1308 clitellariorum
556 1263 652 1306 usum
676 1263 731 1326 pro
752 1242 910 1327 plaustris,
935 1241 978 1306 ad
1001 1262 1092 1305 exer-

203 1358 283 1422 citus
306 1357 535 1447 impedimenta
549 1356 746 1434 vehendum,
757 1357 827 1441 jam
841 1355 915 1419 inde
932 1357 972 1418 ab
991 1355 1092 1432 initio,
1136 1336 1139 1343 Ι

202 1469 468 1554 Washingtonius
495 1471 604 1534 suasit.
653 1465 785 1533 Consilii
810 1468 945 1553 hujusce
972 1467 1093 1531 utibtas

203 1584 266 1647 cito
288 1584 399 1663 eluxit,
415 1584 547 1667 ideoque
560 1583 697 1646 mutatio
708 1604 829 1666 magna
848 1585 945 1646 facta
991 1580 1094 1646 Exar-

203 1697 285 1760 citus
307 1718 372 1761 non
390 1698 518 1780 longirls
541 1678 631 1760 d'enis
647 1718 801 1781 passuum
822 1697 1001 1762 millibusa
1023 1716 1094 1780 pro-

203 1810 387 1893 pugnaculo
411 1808 628 1872 cumberland
653 1822 855 1893 processerat,
879 1796 954 1874 cuin
977 1809 1095 1872 Wash-

203 1921 385 2002 ingtonium
399 1921 493 1981 febris
508 1920 714 1983 vehementer
730 1923 833 2003 gravis
849 1923 1016 2005 corripuit:
1040 1921 1095 2005 qui

205 2043 316 2097 tamen
332 2030 417 2116 apud
431 2030 609 2094 exercitum
623 2031 751 2108 mansit,
767 2031 918 2114 vehiculo
932 2043 1096 2109 convecto,

205 2145 356 2231 quoniam
366 2165 447 2231 equo
457 2142 670 2228 insidere,prae
680 2142 954 2248 debilitatebhaud
962 2153 1095 2228 poterat.
1128 2182 1148 2233 μ’,

204 2260 330 2325 Ducem
344 2261 503 2334 monebat,
515 2269 552 2323 ut
565 2268 793 2323 tormentorum
804 2222 989 2329 bellicorum
999 2276 1098 2341 appa·

205 2384 320 2450 ratum,
331 2393 390 2434 neo
406 2391 472 2435 non
486 2367 714 2453 impedimenta
725 2368 925 2452 relinqueret,
937 2390 1097 2453 quamque

205 2484 356 2551 maximis
377 2483 543 2547 itineribus
558 2482 600 2545 ad
615 2503 770 2565 aggerem
787 2480 1004 2547 cumberland
1021 2504 1098 2547 con-

207 2597 361 2674 tenderet,
375 2616 450 2661 cum
463 2595 563 2680 copiis
574 2594 737 2659 nonnullis
745 2593 889 2673 delectis,
898 2615 994 2681 paruo
1008 2616 1099 2661 com.

206 2720 328 2786 meatu,
342 2709 482 2792 levisque
498 2719 667 2772 armatura
682 2707 850 2793 peditibus.

252 2821 332 2904 Spes
355 2840 477 2901 magna
500 2822 675 2883 exercitum
698 2822 838 2900 tenebat,
852 2842 974 2904 magno
987 2821 1099 2886 itinere

208 2935 365 3010 confecto,
378 2932 655 3016 propugnaculum
669 2933 853 3017 Duquesne,
869 2932 1012 3016 prasidio
1027 2953 1100 3017 per.

209 3069 250 3112 vo
264 3049 436 3123 firmatum,
453 3043 583 3129 opprimi
601 3065 701 3129 posse,
719 3055 893 3127 antequam
907 3045 1029 3109 auxilia
1044 3028 1101 3113 err.

210 3171 338 3247 pectata
352 3158 550 3244 pervenirent
558 3179 567 3236 ;
587 3156 764 3221 Consilium
779 3155 865 3221 istud
880 3157 1100 3225 Braddockius

210 3275 370 3359 probabat,
385 3272 570 3355 minoraque
591 3270 634 3334 ad
655 3273 759 3355 prata¹
774 3270 942 3335 consilium
962 3271 1101 3365 militare

211 3386 407 3463 convocavit,
422 3405 485 3468 quo
499 3384 534 3448 in
547 3384 681 3449 oonsilio
696 3382 869 3463 decretum,
879 3368 1101 3469 imperatorem

212 3520 287 3564 cum
301 3499 387 3563 mille
399 3497 545 3562 ducentis
558 3498 651 3561 lectis
662 3496 812 3561 militibus
822 3497 883 3561 iter
891 3499 995 3563 facere
1009 3504 1100 3583 opor'·

244 3666 254 3701 ¹
269 3661 409 3722 Μίιιοναᾳυι
425 3661 454 3707 od
466 3664 540 3722 prata
573 3658 650 3707 “The
664 3656 724 3708 little
739 3658 885 3722 meadows,”
898 3666 925 3711 to
939 3655 1101 3711 discriminat·

213 3735 280 3788 them
287 3735 348 3787 [rom
356 3736 396 3787 the
406 3743 474 3803 great
483 3735 614 3802 mesdeus,
621 3734 757 3789 mendoned
765 3736 854 3789 before.
