2594 4514
434 381 685 430 wirnrnerorur
708 381 796 426 vim.
1012 359 1055 425 88

178 529 250 596 Iltsi
274 527 325 590 lue
340 527 527 610 suspiciones
547 529 657 592 inanes
679 537 779 604 erent,
795 523 919 600 eadem,
934 528 1054 601 temen,

179 641 331 717 mulene
346 632 468 702 siveris
482 640 595 718 essent,
611 644 768 725 peperere.

186 794 188 799 ·
224 752 347 818 Eodem
368 754 432 815 sere
446 763 592 836 tempere,
608 752 861 837 Philadelphiem
874 749 1057 832 relinquere,

181 862 1056 948 Bultim0riumquerecedere,Congressui'setiusvisumi

182 977 244 1042 His
258 978 444 1059 urgentibus
457 976 703 1054 difficultatibus,
718 977 994 1058 Wsshingtenius,
1010 986 1061 1040 te-

181 1110 267 1168 men,
298 1090 456 1153 interritus
485 1089 666 1174 permansit.
714 1087 763 1151 De
790 1065 892 1150 selute
921 1089 1059 1175 publice,

182 1200 620 1286 heudunquemdesperevit.
642 1199 972 1279 Constantibinviett,
980 1220 1062 1264 sem-

182 1333 237 1398 per
259 1313 343 1377 idem
357 1314 485 1391 mansit,
501 1325 533 1376 et
548 1313 700 1376 exercitui
714 1312 841 1376 vultum
861 1332 1008 1375 serenum
1030 1321 1064 1374 et

183 1425 391 1508 tranquillum
403 1432 553 1511 perpetuu
566 1425 731 1510 praeetitit.¹
768 1425 868 1502 Nihil,
883 1422 967 1507 quod
981 1421 1065 1486 hosti

184 1538 317 1619 officere,
331 1549 389 1601 aut
399 1539 575 1602 exereitum
587 1539 731 1621 civesque
747 1536 865 1600 hortari
876 1548 908 1599 et
924 1536 1066 1600 animare

184 1662 297 1735 posset,
320 1651 435 1714 abillo
457 1652 708 1735 pretermissum.
755 1650 921 1716 Exercitus
944 1660 1066 1712 statum

185 1781 337 1825 maneum
353 1774 449 1845 atque
464 1762 610 1840 debilem,
624 1764 779 1847 equitatu,
791 1763 954 1826 tormentis
969 1761 1068 1845 mejo-

186 1873 282 1950 ribus,
298 1884 329 1936 et
353 1875 505 1957 praefeetis
530 1874 635 1957 peritis
658 1877 748 1954 reque
770 1876 958 1951 terentem,⁸
982 1874 1069 1936 Con·

188 1986 308 2069 gressui
328 2005 454 2048 summo
475 1985 579 2048 studio
596 1984 821 2048 demonstravit
836 1984 1066 2065 suggessitque.

188 2099 317 2177 Milites,
332 2099 367 2162 in
388 2099 485 2161 breve
495 2109 620 2182 tempus
642 2097 839 2180 conscriptos,
854 2097 920 2158 fere
939 2093 1069 2157 inutiles

188 2232 255 2274 esse
270 2211 385 2275 doeuit.

233 2325 339 2388 Hasce
361 2327 425 2387 res⁸
445 2323 659 2408 congressum
680 2320 793 2386 sedule
816 2332 848 2385 et
871 2322 1070 2405 summopere

189 2438 312 2501 monuit
326 2458 334 2502 z
359 2436 424 2514 sed,
440 2458 482 2507 ne
497 2437 636 2520 sliquem
650 2435 786 2513 laederet,
802 2434 955 2518 subjecit;
974 2440 994 2471 “
1005 2455 1071 2496 me-

190 2559 243 2611 tus
266 2550 419 2632 timorque
441 2570 482 2612 ne
507 2552 592 2613 ferne
618 2548 774 2633 perdetur,
796 2569 837 2612 ne
859 2549 942 2612 bene
971 2547 1073 2632 publi·

192 2671 311 2737 eentur,
326 2682 366 2722 ne
388 2660 517 2739 libertas
538 2662 573 2725 in
594 2660 764 2724 discrimen
786 2659 912 2743 aliquod
934 2670 1071 2737 vocetur,

192 2792 244 2835 me
269 2771 467 2854 inculpatum
494 2792 531 2834 se
556 2784 739 2857 purgatum,
763 2784 868 2836 vestro
890 2771 1011 2855 judicio
1034 2791 1073 2834 ee

193 2883 361 2958 sententie,
384 2881 578 2945 exhibebunt
591 2885 761 2966 :”-utque
784 2882 947 2957 nonnulle,
963 2881 1075 2944 incon·

193 2997 277 3060 sulto
303 2995 490 3076 Congressu,
517 3014 613 3076 egere
634 3005 667 3057 et
691 2996 844 3057 conficere
869 2994 927 3056 sibi
954 2993 1073 3075 liceret,

226 3150 236 3185 1
252 3143 374 3191 Proestr'tt't¹
405 3138 554 3202 “shewed’‘
564 3137 759 3189 er“exhibited.”

226 3229 239 3264 s
257 3221 383 3279 Gemuere,
400 3217 553 3283 “wentirrg,”
567 3216 721 3266 “destitute”
752 3216 804 3266 We
819 3215 928 3266 consider
941 3217 988 3268 this
1003 3217 1076 3284 perti·

196 3296 258 3362 ciple
274 3312 302 3345 ss
318 3293 430 3360 sgreeing
438 3294 497 3344 with
511 3302 596 3343 statum
610 3294 636 3343 in
653 3295 693 3343 the
702 3294 849 3357 accusatum
870 3296 920 3357 but,
934 3296 1043 3360 perhaps,
1057 3295 1077 3346 it

197 3374 273 3439 might
281 3371 340 3424 edu
354 3388 422 3422 some
437 3372 555 3439 propriety
564 3375 593 3422 be
603 3370 688 3439 pleeed
696 3371 722 3421 in
731 3371 772 3422 tbe
781 3371 891 3437 genitive.
901 3379 926 3423 to
938 3388 1009 3440 egres
1018 3372 1077 3423 with

198 3454 318 3503 auditu.
450 3470 453 3478 ⁴

229 3536 241 3572 ⁸
255 3529 331 3578 Hasce
340 3543 384 3590 res,
397 3531 438 3590 dfe.
469 3528 534 3579 “He
541 3526 660 3577 minded
670 3527 792 3593 Congress
801 3527 830 3579 of
843 3529 882 3590 (ss
891 3532 927 3593 to)
936 3529 1003 3580 these
1015 3533 1077 3577 mst-

199 3609 269 3656 seer
300 3604 325 3653 A
334 3604 404 3654 mode
413 3603 442 3654 of
453 3605 595 3670 expression,
605 3604 631 3653 in
646 3604 761 3656 imitation
773 3605 801 3655 es
811 3606 852 3657 the
867 3606 970 3667 Greeks,
980 3605 1023 3656 the
1038 3617 1078 3655 ιο·

200 3682 306 3733 emenso
315 3679 343 3732 oi
352 3681 392 3733 tbe
401 3683 468 3747 Μ
474 3682 547 3748 being
555 3681 674 3749 gorsmed
682 3683 716 3749 by
724 3698 742 3734 s
747 3685 887 3748 preesse
896 3680 1000 3747 impliod·
