2594 4514
454 406 704 453 ussurrrororur
728 370 819 452 vrrsss
1033 380 1086 453 tt

197 549 362 614 animusve
382 550 533 614 militibus
556 551 685 616 adderes
729 551 828 629 Her,
842 561 961 629 autom,
984 562 1076 615 sexto
1164 595 1168 602 -

198 673 267 748 post
290 682 433 747 pugnam
447 661 508 741 die,
523 662 564 727 ed
586 665 801 748 congressum
826 664 946 748 scripsit
960 663 1077 726 Wssh·

198 774 398 857 rngtonius·
534 795 537 800 ·

241 881 263 925 “
276 886 424 950 conditio
445 896 551 949 nostra
572 887 745 950 miserrimo
766 898 823 951 est.
857 886 1034 958 Damnum¹
1056 906 1077 951 s

197 998 359 1083 manipulo
386 1009 493 1062 nostro
520 1009 687 1083 occeptum
714 1001 818 1084 oopiss
844 1020 952 1063 omnes
981 999 1078 1062 nimis

198 1110 402 1188 exanimavit,
419 1110 602 1193 animosque
626 1111 736 1174 timore
752 1121 784 1174 et
798 1110 1012 1196 desperatione
1028 1132 1078 1175 re·

197 1221 308 1307 plevit.
349 1222 474 1300 Militis,
497 1243 573 1286 oum
594 1222 727 1286 summis
749 1223 867 1286 viribus
889 1222 932 1286 od
960 1225 1079 1288 sortiter

197 1312 410 1398 resistendum*
432 1336 490 1398 niti
515 1346 677 1421 oporteret,
704 1334 835 1420 trepido,
861 1336 1078 1414 intrectabilis,

197 1447 390 1531 domumque
404 1448 565 1512 remeandi
580 1448 762 1511 avidissimo
782 1458 840 1513 est
886 1447 981 1511 Multi
1001 1468 1080 1511 non-

127 1563 149 1604 Ὺ
197 1578 362 1642 nunquam
385 1561 688 1647 turmatim„saepids
710 1571 818 1625 sutem
842 1559 1079 1644 manipulatim,

197 1671 329 1735 domum
350 1672 418 1756 jam
440 1661 560 1737 obiero.¹
601 1673 681 1737 Haeo
702 1695 749 1737 res
769 1674 845 1751 sols,
861 1668 925 1736 etsi
931 1660 985 1736 'ab
1010 1673 1081 1735 aliis

198 1782 376 1846 infortuniis
400 1785 596 1868 sejungatur,
618 1785 695 1847 setis
718 1785 893 1869 injucunda
917 1789 1015 1864 foret3
1047 1794 1081 1848 at

200 1913 275 1954 oum
290 1893 459 1970 considero,
475 1895 595 1957 militiae
617 1897 799 1979 exemplum
823 1909 945 1980 partem
960 1898 1081 1961 exerci-

200 2007 252 2068 tos
267 2003 400 2066 alteram
413 2004 566 2082 iniecisse,
581 2016 614 2067 et
629 2004 796 2088 disciplinae
817 2007 999 2089 imperiique
1015 2028 1083 2070 om-

200 2115 249 2178 nis
262 2114 629 2180 detractationemtotum
645 2117 819 2179 exercitum
834 2117 996 2195 invasisse,
1012 2139 1083 2202 spes
1144 2188 1148 2196 ‚

199 2239 306 2292 nostra
330 2229 432 2294 multo
448 2229 601 2314 asperior:
626 2231 827 2312 omnemque'
841 2232 906 2294 iere
930 2229 1083 2294 fiduciam

199 2341 234 2406 in
249 2342 343 2427 copiis
359 2343 510 2420 omisisse,
526 2363 652 2406 summo
665 2363 718 2405 rne
732 2342 835 2406 dolore
850 2344 991 2407 confiteri
1015 2345 1083 2406 effi·

199 2454 251 2519 cit
298 2455 377 2519 Haeo
399 2456 515 2533 omnia,
532 2455 733 2532 sententiam,
746 2475 843 2540 quarn
866 2477 987 2543 semper
1009 2477 1083 2521 sum

199 2579 338 2644 secutus,
349 2568 444 2652 plane
459 2569 623 2633 roborant:
647 2568 780 2645 nullam,
796 2589 920 2654 nempe,
933 2562 1083 2632 fiduciam
1149 2557 1168 2619 3<
1192 2601 1196 2613 ι
1215 2598 1219 2610 «

200 2679 234 2742 in
252 2664 368 2742 militia
380 2679 489 2743 aliisve
504 2680 599 2764 copiis
621 2701 686 2743 non
700 2680 734 2743 in
750 2691 873 2765 tempus
889 2680 1082 2758 diuturnius,

202 2809 299 2874 quam
326 2790 414 2871 leges
441 2802 552 2852 nostroe
582 2794 695 2868 ierunt,
722 2792 912 2876 conscriptis,
938 2790 1084 2854 collocari

202 2922 301 2986 posse.
349 2900 550 2984 Compertum
565 2901 676 2978 habeo,
687 2902 863 2965 libertatem
878 2911 1016 2963 nostram
1031 2921 1085 2985 pe·

202 3015 374 3077 riolitatum
388 3012 435 3090 iri,
451 3032 491 3075 ne
513 3010 626 3089 dicem,
643 3012 799 3097 perditum
814 3013 860 3089 iri,
874 3011 934 3074 nisi
948 3012 1015 3096 ejus
1030 3012 1085 3076 de·

235 3259 245 3293 1
262 3251 385 3310 Bormum,
395 3248 436 3298 the
444 3249 494 3298 loss
505 3264 549 3298 our
558 3248 711 3298 detsohmsnt
726 3247 846 3297 susteinod
861 3247 886 3298 in
901 3249 942 3298 tho
958 3249 1036 3300 sction
1052 3267 1084 3302 on

204 3329 277 3394 Long
286 3329 375 3389 island,
385 3328 468 3393 fought
477 3328 535 3377 rrrh
545 3327 649 3393 August,
662 3328 728 3391 mo,
739 3328 788 3378 arrd
797 3327 822 3378 in
831 3328 911 3378 which
919 3330 1085 3396 Wsshington

205 3407 245 3455 did
252 3415 295 3455 not
303 3407 360 3455 tolie
368 3421 400 3454 sn
409 3396 536 3454 immotae
545 3413 604 3470 pert

236 3491 248 3527 r
265 3485 409 3545 Ornnemqun
422 3485 463 3543 ds.
495 3481 605 3546 Anglicd,
616 3485 631 3510 “
637 3481 684 3531 end
700 3481 719 3531 it
733 3483 814 3533 ndens
829 3499 868 3532 ms
877 3483 935 3533 with
944 3483 985 3534 the
994 3491 1086 3534 utmost

207 3558 262 3622 pain
272 3568 297 3608 to
307 3558 407 3621 confess,
415 3559 467 3607 thot
476 3559 487 3606 1
497 3559 556 3608 hove
566 3559 613 3607 lost
620 3559 743 3608 ulmostsll
753 3560 891 3610 ooniidenoe
899 3560 925 3608 in
935 3561 975 3609 the
982 3562 1085 3624 troops’¹

208 3635 241 3684 N.
250 3635 279 3684 B.
294 3638 389 3696 Militis,
404 3635 429 3684 in
440 3636 519 3698 Lotis,
529 3635 578 3685 will
592 3637 622 3685 be
636 3636 710 3686 tsken
719 3635 753 3687 ior
762 3638 801 3687 tho
811 3638 912 3700 English
920 3637 987 3687 word
1002 3638 1086 3684 militis

104 3766 106 3770 ,
208 3711 351 3777 throughout
359 3712 399 3762 tho
409 3711 483 3760 work.
