<?xml version="1.0" encoding="UTF-8"?>
<!DOCTYPE html PUBLIC "-//W3C//DTD XHTML 1.0 Transitional//EN"
    "http://www.w3.org/TR/xhtml1/DTD/xhtml1-transitional.dtd">
<html xmlns="http://www.w3.org/1999/xhtml" xml:lang="en" lang="en">
 <head>
  <title>
</title>
<meta http-equiv="Content-Type" content="text/html;charset=utf-8" />
  <meta name='ocr-system' content='tesseract 3.04.00' />
  <meta name='ocr-capabilities' content='ocr_page ocr_carea ocr_par ocr_line ocrx_word'/>
</head>
<body>
  <div class='ocr_page' id='page_1' title='image "./alifegeorgewash00glasgoog_0190.png"; bbox 0 0 2594 4514; ppageno 0'>
   <div class='ocr_carea' id='block_1_1' title="bbox 403 410 1027 476">
    <p class='ocr_par' dir='ltr' id='par_1_1' title="bbox 403 410 1027 476">
     <span class='ocr_line' id='line_1_1' title="bbox 403 410 1027 476; baseline 0.008 -5"><span class='ocrx_word' id='word_1_1' title='bbox 403 424 653 474; x_wconf 75' lang='lat' dir='ltr'>wrsnrrrororur</span> <span class='ocrx_word' id='word_1_2' title='bbox 677 429 767 476; x_wconf 76' lang='lat' dir='ltr'>usn</span> <span class='ocrx_word' id='word_1_3' title='bbox 964 410 1027 476; x_wconf 71' lang='grc'>175</span> 
     </span>
    </p>
   </div>
   <div class='ocr_carea' id='block_1_2' title="bbox 48 567 1265 2900">
    <p class='ocr_par' dir='ltr' id='par_1_2' title="bbox 48 567 1265 2900">
     <span class='ocr_line' id='line_1_2' title="bbox 147 567 1026 657; baseline 0.001 -23"><span class='ocrx_word' id='word_1_4' title='bbox 147 567 269 634; x_wconf 80' lang='lat' dir='ltr'>dieitur.</span> <span class='ocrx_word' id='word_1_5' title='bbox 318 569 492 634; x_wconf 89' lang='lat' dir='ltr'>“Nuncius</span> <span class='ocrx_word' id='word_1_6' title='bbox 506 572 611 653; x_wconf 85' lang='lat' dir='ltr'>tristis,</span> <span class='ocrx_word' id='word_1_7' title='bbox 626 594 723 657; x_wconf 86' lang='lat' dir='ltr'>quem</span> <span class='ocrx_word' id='word_1_8' title='bbox 744 573 812 635; x_wconf 91' lang='lat' dir='ltr'>heri</span> <span class='ocrx_word' id='word_1_9' title='bbox 836 572 1026 656; x_wconf 82' lang='lat' dir='ltr'>occepimus,</span> 
     </span>
     <span class='ocr_line' id='line_1_3' title="bbox 149 681 1028 750; baseline 0.005 -6"><span class='ocrx_word' id='word_1_10' title='bbox 149 681 297 745; x_wconf 81' lang='lat' dir='ltr'>hodierno</span> <span class='ocrx_word' id='word_1_11' title='bbox 311 681 360 745; x_wconf 88' lang='lat' dir='ltr'>die</span> <span class='ocrx_word' id='word_1_12' title='bbox 373 682 508 746; x_wconf 90' lang='lat' dir='ltr'>nimium</span> <span class='ocrx_word' id='word_1_13' title='bbox 520 696 625 748; x_wconf 89' lang='lat' dir='ltr'>certus</span> <span class='ocrx_word' id='word_1_14' title='bbox 640 686 777 750; x_wconf 82' lang='lat' dir='ltr'>advenit.</span> <span class='ocrx_word' id='word_1_15' title='bbox 824 685 903 748; x_wconf 83' lang='lat' dir='ltr'>Fuit</span> <span class='ocrx_word' id='word_1_16' title='bbox 912 685 1028 748; x_wconf 64' lang='lat' dir='ltr'>warna</span> 
     </span>
     <span class='ocr_line' id='line_1_4' title="bbox 148 767 1045 883; baseline 0.002 -26"><span class='ocrx_word' id='word_1_17' title='bbox 148 793 312 878; x_wconf 82' lang='lat' dir='ltr'>ingtonius</span> <span class='ocrx_word' id='word_1_18' title='bbox 323 798 347 873; x_wconf 78' lang='grc' dir='ltr'>;ι</span> <span class='ocrx_word' id='word_1_19' title='bbox 368 796 479 874; x_wconf 85' lang='lat' dir='ltr'>beros,</span> <span class='ocrx_word' id='word_1_20' title='bbox 493 796 571 874; x_wconf 87' lang='lat' dir='ltr'>dux,</span> <span class='ocrx_word' id='word_1_21' title='bbox 587 809 619 860; x_wconf 87' lang='lat' dir='ltr'>et</span> <span class='ocrx_word' id='word_1_22' title='bbox 641 798 846 883; x_wconf 88' lang='lat' dir='ltr'>philosophus</span> <span class='ocrx_word' id='word_1_23' title='bbox 859 820 867 875; x_wconf 91' lang='lat'>;</span> <span class='ocrx_word' id='word_1_24' title='bbox 892 797 957 874; x_wconf 90' lang='lat' dir='ltr'>ille,</span> <span class='ocrx_word' id='word_1_25' title='bbox 969 767 1045 875; x_wconf 53' lang='grc' dir='ltr'>ω</span> 
     </span>
     <span class='ocr_line' id='line_1_5' title="bbox 148 868 1265 1035; baseline 0.003 -63"><span class='ocrx_word' id='word_1_26' title='bbox 148 910 255 991; x_wconf 90' lang='lat' dir='ltr'>nique,</span> <span class='ocrx_word' id='word_1_27' title='bbox 267 928 373 991; x_wconf 89' lang='lat' dir='ltr'>quem,</span> <span class='ocrx_word' id='word_1_28' title='bbox 386 909 571 973; x_wconf 81' lang='lat' dir='ltr'><strong>imminente</strong></span> <span class='ocrx_word' id='word_1_29' title='bbox 582 912 729 994; x_wconf 87' lang='lat' dir='ltr'>periculo,</span> <span class='ocrx_word' id='word_1_30' title='bbox 740 933 849 975; x_wconf 90' lang='lat' dir='ltr'>omnes</span> <span class='ocrx_word' id='word_1_31' title='bbox 858 912 1035 1002; x_wconf 49' lang='lat' dir='ltr'>intecit*</span> <span class='ocrx_word' id='word_1_32' title='bbox 1051 868 1102 960; x_wconf 52' lang='lat' dir='ltr'>lt</span> <span class='ocrx_word' id='word_1_33' title='bbox 1112 883 1153 960; x_wconf 65' lang='lat' dir='ltr'>..lc</span> <span class='ocrx_word' id='word_1_34' title='bbox 1162 892 1265 1035; x_wconf 45' lang='lat' dir='ltr'>&amp;ejus</span> 
     </span>
     <span class='ocr_line' id='line_1_6' title="bbox 148 999 1265 1111; baseline 0.006 -29"><span class='ocrx_word' id='word_1_35' title='bbox 148 1030 208 1098; x_wconf 89' lang='lat' dir='ltr'>tur,</span> <span class='ocrx_word' id='word_1_36' title='bbox 230 1023 385 1083; x_wconf 83' lang='lat' dir='ltr'>factorum</span> <span class='ocrx_word' id='word_1_37' title='bbox 408 1021 563 1084; x_wconf 85' lang='lat' dir='ltr'>clerorum</span> <span class='ocrx_word' id='word_1_38' title='bbox 584 1025 736 1087; x_wconf 66' lang='lat' dir='ltr'>memorie</span> <span class='ocrx_word' id='word_1_39' title='bbox 758 999 917 1086; x_wconf 74' lang='lat' dir='ltr'>duntexnt</span> <span class='ocrx_word' id='word_1_40' title='bbox 938 999 1031 1087; x_wconf 65' lang='lat' dir='ltr'>vilici</span> <span class='ocrx_word' id='word_1_41' title='bbox 1132 1034 1142 1074; x_wconf 64' lang='grc' dir='ltr'><em>ί</em></span> <span class='ocrx_word' id='word_1_42' title='bbox 1155 1000 1195 1111; x_wconf 18' lang='grc' dir='ltr'>Αἰ,</span> <span class='ocrx_word' id='word_1_43' title='bbox 1261 1022 1265 1030; x_wconf 74' lang='grc'><em>“</em></span> 
     </span>
     <span class='ocr_line' id='line_1_7' title="bbox 149 1134 1030 1211; baseline 0.003 -16"><span class='ocrx_word' id='word_1_44' title='bbox 149 1134 313 1211; x_wconf 75' lang='lat' dir='ltr'>Quemvis,</span> <span class='ocrx_word' id='word_1_45' title='bbox 335 1135 434 1211; x_wconf 91' lang='lat' dir='ltr'>enim,</span> <span class='ocrx_word' id='word_1_46' title='bbox 455 1156 509 1198; x_wconf 83' lang='lat' dir='ltr'>eos</span> <span class='ocrx_word' id='word_1_47' title='bbox 527 1135 644 1198; x_wconf 81' lang='lat' dir='ltr'>honore</span> <span class='ocrx_word' id='word_1_48' title='bbox 667 1136 789 1197; x_wconf 80' lang='lat' dir='ltr'>afficere</span> <span class='ocrx_word' id='word_1_49' title='bbox 812 1135 941 1197; x_wconf 85' lang='lat' dir='ltr'><strong>solenne</strong></span> <span class='ocrx_word' id='word_1_50' title='bbox 963 1156 1030 1198; x_wconf 92' lang='lat' dir='ltr'>non</span> 
     </span>
     <span class='ocr_line' id='line_1_8' title="bbox 63 1246 1031 1330; baseline 0.002 -22"><span class='ocrx_word' id='word_1_51' title='bbox 63 1280 66 1286; x_wconf 94' lang='lat'><strong>·</strong></span> <span class='ocrx_word' id='word_1_52' title='bbox 147 1257 238 1323; x_wconf 82' lang='lat' dir='ltr'>esset,</span> <span class='ocrx_word' id='word_1_53' title='bbox 253 1266 386 1329; x_wconf 92' lang='lat' dir='ltr'>quorum</span> <span class='ocrx_word' id='word_1_54' title='bbox 409 1247 475 1310; x_wconf 82' lang='lat' dir='ltr'>vite</span> <span class='ocrx_word' id='word_1_55' title='bbox 497 1246 530 1310; x_wconf 85' lang='lat' dir='ltr'>ln</span> <span class='ocrx_word' id='word_1_56' title='bbox 552 1248 676 1330; x_wconf 82' lang='lat' dir='ltr'>generis</span> <span class='ocrx_word' id='word_1_57' title='bbox 698 1247 834 1309; x_wconf 76' lang='lat' dir='ltr'>humani</span> <span class='ocrx_word' id='word_1_58' title='bbox 858 1247 1031 1310; x_wconf 81' lang='lat' dir='ltr'>commodis</span> 
     </span>
     <span class='ocr_line' id='line_1_9' title="bbox 147 1358 1029 1444; baseline -0.001 -23"><span class='ocrx_word' id='word_1_59' title='bbox 147 1358 363 1443; x_wconf 86' lang='lat' dir='ltr'>promovendis</span> <span class='ocrx_word' id='word_1_60' title='bbox 383 1359 545 1444; x_wconf 82' lang='lat' dir='ltr'>insumpta</span> <span class='ocrx_word' id='word_1_61' title='bbox 560 1360 631 1438; x_wconf 86' lang='lat' dir='ltr'>fuit,</span> <span class='ocrx_word' id='word_1_62' title='bbox 648 1359 892 1441; x_wconf 76' lang='lat' dir='ltr'>Washingtonii,</span> <span class='ocrx_word' id='word_1_63' title='bbox 910 1371 1029 1437; x_wconf 83' lang='lat' dir='ltr'>tamen,</span> 
     </span>
     <span class='ocr_line' id='line_1_10' title="bbox 147 1471 1031 1556; baseline -0.002 -22"><span class='ocrx_word' id='word_1_64' title='bbox 147 1491 196 1534; x_wconf 87' lang='lat' dir='ltr'>res</span> <span class='ocrx_word' id='word_1_65' title='bbox 218 1483 314 1554; x_wconf 82' lang='lat' dir='ltr'>gestae</span> <span class='ocrx_word' id='word_1_66' title='bbox 337 1483 432 1534; x_wconf 84' lang='lat' dir='ltr'>tantae</span> <span class='ocrx_word' id='word_1_67' title='bbox 448 1473 631 1550; x_wconf 84' lang='lat' dir='ltr'>extiterunt,</span> <span class='ocrx_word' id='word_1_68' title='bbox 648 1483 684 1535; x_wconf 88' lang='lat' dir='ltr'>ut</span> <span class='ocrx_word' id='word_1_69' title='bbox 707 1471 842 1556; x_wconf 92' lang='lat' dir='ltr'>populus</span> <span class='ocrx_word' id='word_1_70' title='bbox 865 1471 1031 1534; x_wconf 85' lang='lat' dir='ltr'>universus</span> 
     </span>
     <span class='ocr_line' id='line_1_11' title="bbox 147 1584 1064 1668; baseline -0.008 -18"><span class='ocrx_word' id='word_1_71' title='bbox 147 1584 367 1661; x_wconf 82' lang='lat' dir='ltr'>Ameriennus,</span> <span class='ocrx_word' id='word_1_72' title='bbox 382 1584 496 1647; x_wconf 90' lang='lat' dir='ltr'>doloris</span> <span class='ocrx_word' id='word_1_73' title='bbox 512 1585 674 1662; x_wconf 86' lang='lat' dir='ltr'>indicium,</span> <span class='ocrx_word' id='word_1_74' title='bbox 687 1585 742 1667; x_wconf 89' lang='lat' dir='ltr'>qui</span> <span class='ocrx_word' id='word_1_75' title='bbox 758 1595 825 1648; x_wconf 85' lang='lat' dir='ltr'>tam</span> <span class='ocrx_word' id='word_1_76' title='bbox 837 1585 904 1648; x_wconf 74' lang='lat' dir='ltr'>late</span> <span class='ocrx_word' id='word_1_77' title='bbox 920 1585 1031 1668; x_wconf 72' lang='lat' dir='ltr'>petet„²</span> <span class='ocrx_word' id='word_1_78' title='bbox 1062 1618 1064 1622; x_wconf 33' lang='grc' dir='ltr'><em>ν</em></span> 
     </span>
     <span class='ocr_line' id='line_1_12' title="bbox 48 1695 609 1787; baseline -0.005 -26"><span class='ocrx_word' id='word_1_79' title='bbox 48 1701 99 1762; x_wconf 45' lang='lat' dir='ltr'>ccl</span> <span class='ocrx_word' id='word_1_80' title='bbox 147 1695 312 1787; x_wconf 71' lang='lat' dir='ltr'>deposcere</span> <span class='ocrx_word' id='word_1_81' title='bbox 327 1719 386 1760; x_wconf 95' lang='lat' dir='ltr'>suo</span> <span class='ocrx_word' id='word_1_82' title='bbox 397 1698 468 1780; x_wconf 84' lang='lat' dir='ltr'>jure</span> <span class='ocrx_word' id='word_1_83' title='bbox 481 1697 609 1760; x_wconf 88' lang='lat' dir='ltr'>debet.&#39;’</span> 
     </span>
     <span class='ocr_line' id='line_1_13' title="bbox 117 1809 1033 1892; baseline -0.004 -18"><span class='ocrx_word' id='word_1_84' title='bbox 117 1838 125 1874; x_wconf 80' lang='lat' dir='ltr'>r</span> <span class='ocrx_word' id='word_1_85' title='bbox 156 1858 158 1866; x_wconf 88' lang='lat'><em>.</em></span> <span class='ocrx_word' id='word_1_86' title='bbox 193 1809 470 1892; x_wconf 86' lang='lat' dir='ltr'>“Rempublioam</span> <span class='ocrx_word' id='word_1_87' title='bbox 485 1810 606 1872; x_wconf 80' lang='lat' dir='ltr'>hancce</span> <span class='ocrx_word' id='word_1_88' title='bbox 622 1822 857 1887; x_wconf 82' lang='lat' dir='ltr'>nostrum,tom</span> <span class='ocrx_word' id='word_1_89' title='bbox 873 1811 970 1892; x_wconf 71' lang='lat' dir='ltr'>longe</span> <span class='ocrx_word' id='word_1_90' title='bbox 984 1810 1033 1871; x_wconf 84' lang='lat' dir='ltr'>lo-</span> 
     </span>
     <span class='ocr_line' id='line_1_14' title="bbox 149 1920 1032 2002; baseline 0.002 -22"><span class='ocrx_word' id='word_1_91' title='bbox 149 1920 244 2001; x_wconf 79' lang='lat' dir='ltr'>teque</span> <span class='ocrx_word' id='word_1_92' title='bbox 256 1920 399 1996; x_wconf 79' lang='lat' dir='ltr'>divisam,</span> <span class='ocrx_word' id='word_1_93' title='bbox 411 1941 496 1982; x_wconf 93' lang='lat' dir='ltr'>unus</span> <span class='ocrx_word' id='word_1_94' title='bbox 511 1923 576 1984; x_wconf 79' lang='lat' dir='ltr'>fere</span> <span class='ocrx_word' id='word_1_95' title='bbox 589 1922 853 2002; x_wconf 83' lang='lat' dir='ltr'>Washingtonius</span> <span class='ocrx_word' id='word_1_96' title='bbox 866 1920 1032 1985; x_wconf 79' lang='lat' dir='ltr'>ordinandi</span> 
     </span>
     <span class='ocr_line' id='line_1_15' title="bbox 149 2014 1091 2108; baseline -0.004 -12"><span class='ocrx_word' id='word_1_97' title='bbox 149 2042 182 2097; x_wconf 85' lang='lat' dir='ltr'>et</span> <span class='ocrx_word' id='word_1_98' title='bbox 202 2031 355 2096; x_wconf 84' lang='lat' dir='ltr'>condendi</span> <span class='ocrx_word' id='word_1_99' title='bbox 370 2031 499 2094; x_wconf 83' lang='lat' dir='ltr'>laudem</span> <span class='ocrx_word' id='word_1_100' title='bbox 513 2044 622 2097; x_wconf 89' lang='lat' dir='ltr'>meret.</span> <span class='ocrx_word' id='word_1_101' title='bbox 668 2014 775 2095; x_wconf 83' lang='lat' dir='ltr'>Rebus</span> <span class='ocrx_word' id='word_1_102' title='bbox 791 2034 945 2108; x_wconf 90' lang='lat' dir='ltr'>omnibus,</span> <span class='ocrx_word' id='word_1_103' title='bbox 961 2043 1035 2093; x_wconf 61' lang='lat' dir='ltr'>tona</span> <span class='ocrx_word' id='word_1_104' title='bbox 1089 2063 1091 2067; x_wconf 96' lang='lat'>·</span> 
     </span>
     <span class='ocr_line' id='line_1_16' title="bbox 149 2143 1036 2228; baseline -0.003 -20"><span class='ocrx_word' id='word_1_105' title='bbox 149 2144 223 2209; x_wconf 88' lang='lat' dir='ltr'>dem</span> <span class='ocrx_word' id='word_1_106' title='bbox 246 2146 405 2223; x_wconf 86' lang='lat' dir='ltr'>confectis,</span> <span class='ocrx_word' id='word_1_107' title='bbox 424 2166 560 2228; x_wconf 84' lang='lat' dir='ltr'>quarum</span> <span class='ocrx_word' id='word_1_108' title='bbox 583 2148 683 2208; x_wconf 65' lang='lat' dir='ltr'>cause</span> <span class='ocrx_word' id='word_1_109' title='bbox 706 2145 895 2207; x_wconf 79' lang='lat' dir='ltr'>exercitibus</span> <span class='ocrx_word' id='word_1_110' title='bbox 910 2143 1036 2206; x_wconf 57' lang='lat' dir='ltr'>Ameria</span> 
     </span>
     <span class='ocr_line' id='line_1_17' title="bbox 149 2258 1035 2343; baseline -0.006 -20"><span class='ocrx_word' id='word_1_111' title='bbox 149 2260 238 2323; x_wconf 82' lang='lat' dir='ltr'>cenis</span> <span class='ocrx_word' id='word_1_112' title='bbox 253 2260 433 2343; x_wconf 87' lang='lat' dir='ltr'>praepositus</span> <span class='ocrx_word' id='word_1_113' title='bbox 448 2261 562 2336; x_wconf 79' lang='lat' dir='ltr'>fuerat,</span> <span class='ocrx_word' id='word_1_114' title='bbox 578 2258 721 2342; x_wconf 83' lang='lat' dir='ltr'>gladium</span> <span class='ocrx_word' id='word_1_115' title='bbox 737 2259 769 2319; x_wconf 93' lang='lat' dir='ltr'>in</span> <span class='ocrx_word' id='word_1_116' title='bbox 784 2278 945 2319; x_wconf 85' lang='lat' dir='ltr'>vomerem</span> <span class='ocrx_word' id='word_1_117' title='bbox 960 2277 1035 2318; x_wconf 88' lang='lat' dir='ltr'>con·</span> 
     </span>
     <span class='ocr_line' id='line_1_18' title="bbox 147 2369 1032 2456; baseline -0.006 -21"><span class='ocrx_word' id='word_1_118' title='bbox 147 2374 252 2450; x_wconf 76' lang='lat' dir='ltr'>vertit,</span> <span class='ocrx_word' id='word_1_119' title='bbox 281 2373 483 2455; x_wconf 64' lang='lat' dir='ltr'>bellumque*</span> <span class='ocrx_word' id='word_1_120' title='bbox 508 2393 585 2456; x_wconf 82' lang='lat' dir='ltr'>poce</span> <span class='ocrx_word' id='word_1_121' title='bbox 614 2371 775 2435; x_wconf 70' lang='lat' dir='ltr'>laetissime</span> <span class='ocrx_word' id='word_1_122' title='bbox 811 2369 1032 2433; x_wconf 85' lang='lat' dir='ltr'>eommutavit.</span> 
     </span>
     <span class='ocr_line' id='line_1_19' title="bbox 151 2482 1052 2550; baseline -0.004 0"><span class='ocrx_word' id='word_1_123' title='bbox 151 2486 247 2550; x_wconf 84' lang='lat' dir='ltr'>cum⁴</span> <span class='ocrx_word' id='word_1_124' title='bbox 273 2487 440 2549; x_wconf 81' lang='lat' dir='ltr'>civitatum</span> <span class='ocrx_word' id='word_1_125' title='bbox 454 2486 679 2549; x_wconf 83' lang='lat' dir='ltr'>foederetarum</span> <span class='ocrx_word' id='word_1_126' title='bbox 696 2483 962 2548; x_wconf 81' lang='lat' dir='ltr'>Americanerum</span> <span class='ocrx_word' id='word_1_127' title='bbox 987 2482 1052 2546; x_wconf 85' lang='lat' dir='ltr'>in·.</span> 
     </span>
     <span class='ocr_line' id='line_1_20' title="bbox 149 2576 1034 2672; baseline -0.008 -10"><span class='ocrx_word' id='word_1_128' title='bbox 149 2576 281 2662; x_wconf 68' lang='lat' dir='ltr'>firmitus</span> <span class='ocrx_word' id='word_1_129' title='bbox 302 2599 448 2660; x_wconf 91' lang='lat' dir='ltr'>omnibus</span> <span class='ocrx_word' id='word_1_130' title='bbox 470 2599 640 2660; x_wconf 78' lang='lat' dir='ltr'>manifesta</span> <span class='ocrx_word' id='word_1_131' title='bbox 660 2596 829 2670; x_wconf 85' lang='lat' dir='ltr'>videretur,</span> <span class='ocrx_word' id='word_1_132' title='bbox 846 2607 878 2656; x_wconf 90' lang='lat' dir='ltr'>et</span> <span class='ocrx_word' id='word_1_133' title='bbox 892 2595 1034 2672; x_wconf 82' lang='lat' dir='ltr'>vinculo,</span> 
     </span>
     <span class='ocr_line' id='line_1_21' title="bbox 150 2685 1036 2797; baseline -0.005 -26"><span class='ocrx_word' id='word_1_134' title='bbox 150 2709 263 2792; x_wconf 93' lang='lat' dir='ltr'>quibus</span> <span class='ocrx_word' id='word_1_135' title='bbox 287 2708 433 2770; x_wconf 87' lang='lat' dir='ltr'>Columbi</span> <span class='ocrx_word' id='word_1_136' title='bbox 456 2720 537 2770; x_wconf 84' lang='lat' dir='ltr'>terra</span> <span class='ocrx_word' id='word_1_137' title='bbox 551 2710 707 2771; x_wconf 83' lang='lat' dir='ltr'>latissime</span> <span class='ocrx_word' id='word_1_138' title='bbox 729 2685 956 2782; x_wconf 81' lang='lat' dir='ltr'>continebatur,</span> <span class='ocrx_word' id='word_1_139' title='bbox 973 2707 1036 2797; x_wconf 86' lang='lat' dir='ltr'>sol-</span> 
     </span>
     <span class='ocr_line' id='line_1_22' title="bbox 151 2792 1037 2900; baseline -0.008 -15"><span class='ocrx_word' id='word_1_140' title='bbox 151 2829 308 2895; x_wconf 88' lang='lat' dir='ltr'>verentur,</span> <span class='ocrx_word' id='word_1_141' title='bbox 318 2815 598 2896; x_wconf 85' lang='lat' dir='ltr'>Washingtonium</span> <span class='ocrx_word' id='word_1_142' title='bbox 613 2819 768 2894; x_wconf 93' lang='lat' dir='ltr'>omnium,</span> <span class='ocrx_word' id='word_1_143' title='bbox 779 2819 833 2900; x_wconf 93' lang='lat' dir='ltr'>qui</span> <span class='ocrx_word' id='word_1_144' title='bbox 846 2819 949 2880; x_wconf 77' lang='lat' dir='ltr'>hence</span> <span class='ocrx_word' id='word_1_145' title='bbox 964 2792 1037 2878; x_wconf 75' lang='lat' dir='ltr'>nos-</span> 
     </span>
    </p>
   </div>
   <div class='ocr_carea' id='block_1_3' title="bbox 152 2928 1037 3015">
    <p class='ocr_par' dir='ltr' id='par_1_3' title="bbox 152 2928 1037 3015">
     <span class='ocr_line' id='line_1_23' title="bbox 152 2928 1037 3015; baseline -0.007 -19"><span class='ocrx_word' id='word_1_146' title='bbox 152 2944 235 2996; x_wconf 82' lang='lat' dir='ltr'>tram</span> <span class='ocrx_word' id='word_1_147' title='bbox 250 2930 431 3015; x_wconf 84' lang='lat' dir='ltr'>praeolnrem</span> <span class='ocrx_word' id='word_1_148' title='bbox 444 2929 671 3009; x_wconf 82' lang='lat' dir='ltr'>rempublicam</span> <span class='ocrx_word' id='word_1_149' title='bbox 682 2929 912 3004; x_wconf 79' lang='lat' dir='ltr'>stabiliverunt,</span> <span class='ocrx_word' id='word_1_150' title='bbox 924 2928 1037 3010; x_wconf 90' lang='lat' dir='ltr'>prinei-</span> 
     </span>
    </p>
   </div>
   <div class='ocr_carea' id='block_1_4' title="bbox 153 3107 1108 3790">
    <p class='ocr_par' dir='ltr' id='par_1_4' title="bbox 153 3107 1036 3254">
     <span class='ocr_line' id='line_1_24' title="bbox 183 3107 1036 3174; baseline 0.002 -17"><span class='ocrx_word' id='word_1_151' title='bbox 183 3122 193 3157; x_wconf 85' lang='lat'><em>1</em></span> <span class='ocrx_word' id='word_1_152' title='bbox 204 3114 266 3174; x_wconf 74' lang='lat' dir='ltr'>noo,</span> <span class='ocrx_word' id='word_1_153' title='bbox 276 3115 325 3172; x_wconf 57' lang='lat' dir='ltr'>be,</span> <span class='ocrx_word' id='word_1_154' title='bbox 336 3113 351 3139; x_wconf 89' lang='lat'><strong>“</strong></span> <span class='ocrx_word' id='word_1_155' title='bbox 356 3108 522 3173; x_wconf 80' lang='lat' dir='ltr'>Weslrington</span> <span class='ocrx_word' id='word_1_156' title='bbox 528 3107 550 3156; x_wconf 88' lang='lat' dir='ltr'>is</span> <span class='ocrx_word' id='word_1_157' title='bbox 560 3124 591 3157; x_wconf 91' lang='lat' dir='ltr'>no</span> <span class='ocrx_word' id='word_1_158' title='bbox 601 3124 666 3157; x_wconf 86' lang='lat' dir='ltr'>more</span> <span class='ocrx_word' id='word_1_159' title='bbox 674 3111 698 3172; x_wconf 82' lang='lat'>;”</span> <span class='ocrx_word' id='word_1_160' title='bbox 709 3107 765 3156; x_wconf 84' lang='lat' dir='ltr'>thus</span> <span class='ocrx_word' id='word_1_161' title='bbox 772 3107 847 3173; x_wconf 75' lang='lat' dir='ltr'>Virg,</span> <span class='ocrx_word' id='word_1_162' title='bbox 856 3111 871 3136; x_wconf 79' lang='lat'>‘⁸</span> <span class='ocrx_word' id='word_1_163' title='bbox 878 3109 933 3157; x_wconf 79' lang='lat' dir='ltr'>not</span> <span class='ocrx_word' id='word_1_164' title='bbox 942 3111 1036 3174; x_wconf 75' lang='lat' dir='ltr'>llr&#39;unr,&#39;¹</span> 
     </span>
     <span class='ocr_line' id='line_1_25' title="bbox 153 3190 400 3254; baseline -0.016 -15"><span class='ocrx_word' id='word_1_165' title='bbox 153 3195 170 3222; x_wconf 80' lang='lat'>‘⁴</span> <span class='ocrx_word' id='word_1_166' title='bbox 177 3193 238 3254; x_wconf 74' lang='lat' dir='ltr'>Troy</span> <span class='ocrx_word' id='word_1_167' title='bbox 246 3194 268 3239; x_wconf 74' lang='lat' dir='ltr'>is</span> <span class='ocrx_word' id='word_1_168' title='bbox 277 3206 307 3238; x_wconf 81' lang='lat' dir='ltr'>oo</span> <span class='ocrx_word' id='word_1_169' title='bbox 316 3190 400 3237; x_wconf 57' lang='grc' dir='ltr'>Μεθ’</span> 
     </span>
    </p>

    <p class='ocr_par' dir='ltr' id='par_1_5' title="bbox 184 3262 823 3329">
     <span class='ocr_line' id='line_1_26' title="bbox 184 3262 823 3329; baseline -0.002 -17"><span class='ocrx_word' id='word_1_170' title='bbox 184 3276 196 3312; x_wconf 74' lang='lat'>2</span> <span class='ocrx_word' id='word_1_171' title='bbox 210 3270 285 3329; x_wconf 81' lang='lat' dir='ltr'>Patet,</span> <span class='ocrx_word' id='word_1_172' title='bbox 297 3270 346 3328; x_wconf 66' lang='lat' dir='ltr'>sse,</span> <span class='ocrx_word' id='word_1_173' title='bbox 358 3268 373 3294; x_wconf 88' lang='lat'>“</span> <span class='ocrx_word' id='word_1_174' title='bbox 380 3263 458 3313; x_wconf 85' lang='lat' dir='ltr'>which</span> <span class='ocrx_word' id='word_1_175' title='bbox 470 3263 555 3329; x_wconf 82' lang='lat' dir='ltr'>(grief)</span> <span class='ocrx_word' id='word_1_176' title='bbox 568 3263 667 3313; x_wconf 81' lang='lat' dir='ltr'>extends</span> <span class='ocrx_word' id='word_1_177' title='bbox 678 3279 706 3312; x_wconf 85' lang='lat' dir='ltr'>so</span> <span class='ocrx_word' id='word_1_178' title='bbox 715 3262 823 3328; x_wconf 84' lang='lat' dir='ltr'>widely.”</span> 
     </span>
    </p>

    <p class='ocr_par' dir='ltr' id='par_1_6' title="bbox 184 3340 1023 3408">
     <span class='ocr_line' id='line_1_27' title="bbox 184 3340 1023 3408; baseline 0.004 -18"><span class='ocrx_word' id='word_1_179' title='bbox 184 3353 197 3390; x_wconf 71' lang='grc' dir='ltr'><strong><em>ι</em></strong></span> <span class='ocrx_word' id='word_1_180' title='bbox 212 3346 352 3407; x_wconf 68' lang='lat' dir='ltr'>suumque,</span> <span class='ocrx_word' id='word_1_181' title='bbox 364 3346 414 3404; x_wconf 55' lang='lat' dir='ltr'>bc,</span> <span class='ocrx_word' id='word_1_182' title='bbox 425 3346 440 3370; x_wconf 90' lang='lat'>“</span> <span class='ocrx_word' id='word_1_183' title='bbox 448 3342 496 3392; x_wconf 80' lang='lat' dir='ltr'>and</span> <span class='ocrx_word' id='word_1_184' title='bbox 506 3349 569 3390; x_wconf 83' lang='lat' dir='ltr'>most</span> <span class='ocrx_word' id='word_1_185' title='bbox 578 3341 660 3406; x_wconf 83' lang='lat' dir='ltr'>gladly</span> <span class='ocrx_word' id='word_1_186' title='bbox 670 3340 808 3405; x_wconf 79' lang='lat' dir='ltr'>exobenged</span> <span class='ocrx_word' id='word_1_187' title='bbox 817 3356 868 3390; x_wconf 83' lang='lat' dir='ltr'>wer</span> <span class='ocrx_word' id='word_1_188' title='bbox 876 3340 912 3391; x_wconf 84' lang='lat' dir='ltr'>for</span> <span class='ocrx_word' id='word_1_189' title='bbox 924 3346 1023 3408; x_wconf 57' lang='lat' dir='ltr'>pesce?</span> 
     </span>
    </p>

    <p class='ocr_par' dir='ltr' id='par_1_7' title="bbox 155 3417 1108 3790">
     <span class='ocr_line' id='line_1_28' title="bbox 185 3417 1039 3483; baseline 0.004 -17"><span class='ocrx_word' id='word_1_190' title='bbox 185 3430 197 3466; x_wconf 79' lang='lat'><strong>⁴</strong></span> <span class='ocrx_word' id='word_1_191' title='bbox 209 3424 276 3482; x_wconf 79' lang='lat' dir='ltr'>Gom,</span> <span class='ocrx_word' id='word_1_192' title='bbox 286 3425 335 3483; x_wconf 56' lang='lat' dir='ltr'>bn,</span> <span class='ocrx_word' id='word_1_193' title='bbox 344 3419 434 3468; x_wconf 85' lang='lat' dir='ltr'>“when</span> <span class='ocrx_word' id='word_1_194' title='bbox 444 3420 484 3468; x_wconf 88' lang='lat' dir='ltr'>the</span> <span class='ocrx_word' id='word_1_195' title='bbox 491 3419 620 3468; x_wconf 83' lang='lat' dir='ltr'>wenkness</span> <span class='ocrx_word' id='word_1_196' title='bbox 627 3419 655 3469; x_wconf 81' lang='lat' dir='ltr'>ol</span> <span class='ocrx_word' id='word_1_197' title='bbox 659 3419 699 3468; x_wconf 87' lang='lat' dir='ltr'>the</span> <span class='ocrx_word' id='word_1_198' title='bbox 709 3417 797 3467; x_wconf 91' lang='lat' dir='ltr'>United</span> <span class='ocrx_word' id='word_1_199' title='bbox 806 3419 885 3468; x_wconf 75' lang='lat' dir='ltr'>Sintes</span> <span class='ocrx_word' id='word_1_200' title='bbox 892 3419 920 3468; x_wconf 86' lang='lat' dir='ltr'>os</span> <span class='ocrx_word' id='word_1_201' title='bbox 926 3419 1039 3470; x_wconf 74' lang='lat' dir='ltr'>Amorion</span> 
     </span>
     <span class='ocr_line' id='line_1_29' title="bbox 156 3495 1039 3563; baseline -0.002 -15"><span class='ocrx_word' id='word_1_202' title='bbox 156 3497 273 3563; x_wconf 69' lang='lat' dir='ltr'>uppenrod</span> <span class='ocrx_word' id='word_1_203' title='bbox 282 3497 381 3548; x_wconf 78' lang='lat' dir='ltr'>obviem</span> <span class='ocrx_word' id='word_1_204' title='bbox 391 3503 415 3546; x_wconf 92' lang='lat' dir='ltr'>to</span> <span class='ocrx_word' id='word_1_205' title='bbox 425 3497 464 3559; x_wconf 82' lang='lat' dir='ltr'>ell,</span> <span class='ocrx_word' id='word_1_206' title='bbox 475 3496 522 3546; x_wconf 85' lang='lat' dir='ltr'>end</span> <span class='ocrx_word' id='word_1_207' title='bbox 533 3498 573 3546; x_wconf 89' lang='lat' dir='ltr'>the</span> <span class='ocrx_word' id='word_1_208' title='bbox 583 3495 668 3557; x_wconf 83' lang='lat' dir='ltr'>hands,</span> <span class='ocrx_word' id='word_1_209' title='bbox 676 3499 709 3560; x_wconf 87' lang='lat' dir='ltr'>by</span> <span class='ocrx_word' id='word_1_210' title='bbox 715 3496 794 3544; x_wconf 85' lang='lat' dir='ltr'>which</span> <span class='ocrx_word' id='word_1_211' title='bbox 803 3498 843 3546; x_wconf 88' lang='lat' dir='ltr'>the</span> <span class='ocrx_word' id='word_1_212' title='bbox 852 3513 910 3563; x_wconf 85' lang='lat' dir='ltr'>very</span> <span class='ocrx_word' id='word_1_213' title='bbox 917 3495 1039 3546; x_wconf 77' lang='lat' dir='ltr'>extensive</span> 
     </span>
     <span class='ocr_line' id='line_1_30' title="bbox 156 3570 1039 3638; baseline -0.005 -14"><span class='ocrx_word' id='word_1_214' title='bbox 156 3575 214 3625; x_wconf 81' lang='lat' dir='ltr'>lsnd</span> <span class='ocrx_word' id='word_1_215' title='bbox 223 3574 251 3624; x_wconf 85' lang='lat' dir='ltr'>ol</span> <span class='ocrx_word' id='word_1_216' title='bbox 261 3574 393 3624; x_wconf 82' lang='lat' dir='ltr'>Columbus</span> <span class='ocrx_word' id='word_1_217' title='bbox 406 3574 540 3638; x_wconf 79' lang='lat' dir='ltr'>(Americe)</span> <span class='ocrx_word' id='word_1_218' title='bbox 553 3590 603 3622; x_wconf 79' lang='lat' dir='ltr'>was</span> <span class='ocrx_word' id='word_1_219' title='bbox 620 3573 673 3622; x_wconf 89' lang='lat' dir='ltr'>held</span> <span class='ocrx_word' id='word_1_220' title='bbox 683 3573 797 3638; x_wconf 85' lang='lat' dir='ltr'>together,</span> <span class='ocrx_word' id='word_1_221' title='bbox 807 3574 888 3626; x_wconf 86' lang='lat' dir='ltr'>would</span> <span class='ocrx_word' id='word_1_222' title='bbox 903 3575 933 3622; x_wconf 85' lang='lat' dir='ltr'>bs</span> <span class='ocrx_word' id='word_1_223' title='bbox 949 3570 1039 3635; x_wconf 77' lang='lat' dir='ltr'>loosetl,</span> 
     </span>
     <span class='ocr_line' id='line_1_31' title="bbox 156 3630 1108 3719; baseline -0.004 -16"><span class='ocrx_word' id='word_1_224' title='bbox 156 3667 196 3703; x_wconf 69' lang='lat' dir='ltr'>wc</span> <span class='ocrx_word' id='word_1_225' title='bbox 209 3651 269 3700; x_wconf 68' lang='lat' dir='ltr'>uve</span> <span class='ocrx_word' id='word_1_226' title='bbox 284 3650 368 3700; x_wconf 71' lang='lat' dir='ltr'>uren</span> <span class='ocrx_word' id='word_1_227' title='bbox 378 3651 544 3719; x_wconf 63' lang='lat' dir='ltr'>wunngon</span> <span class='ocrx_word' id='word_1_228' title='bbox 554 3651 594 3701; x_wconf 74' lang='lat' dir='ltr'>ne</span> <span class='ocrx_word' id='word_1_229' title='bbox 603 3650 655 3700; x_wconf 78' lang='lat' dir='ltr'>first</span> <span class='ocrx_word' id='word_1_230' title='bbox 664 3650 692 3701; x_wconf 78' lang='lat' dir='ltr'>os</span> <span class='ocrx_word' id='word_1_231' title='bbox 703 3651 736 3701; x_wconf 76' lang='lat' dir='ltr'>an</span> <span class='ocrx_word' id='word_1_232' title='bbox 745 3630 1038 3714; x_wconf 52' lang='lat' dir='ltr'>soffrenum</span> <span class='ocrx_word' id='word_1_233' title='bbox 1100 3634 1108 3655; x_wconf 84' lang='lat'>¹</span> 
     </span>
     <span class='ocr_line' id='line_1_32' title="bbox 155 3727 418 3790; baseline -0.019 -8"><span class='ocrx_word' id='word_1_234' title='bbox 155 3728 234 3782; x_wconf 63' lang='lat' dir='ltr'>band</span> <span class='ocrx_word' id='word_1_235' title='bbox 243 3727 290 3778; x_wconf 81' lang='lat' dir='ltr'>this</span> <span class='ocrx_word' id='word_1_236' title='bbox 299 3730 365 3790; x_wconf 84' lang='lat' dir='ltr'>our,’&#39;</span> <span class='ocrx_word' id='word_1_237' title='bbox 375 3728 418 3778; x_wconf 75' lang='lat' dir='ltr'>&amp;e</span> 
     </span>
    </p>
   </div>
   <div class='ocr_carea' id='block_1_5' title="bbox 0 0 1312 4514">
    <p class='ocr_par' dir='ltr' id='par_1_8' title="bbox 0 0 1312 4514">
     <span class='ocr_line' id='line_1_33' title="bbox 0 0 1312 4514; baseline 0 0"><span class='ocrx_word' id='word_1_238' title='bbox 0 0 1312 4514; x_wconf 95' lang='lat' dir='ltr'> </span> 
     </span>
    </p>
   </div>
  </div>
 </body>
</html>
