2594 4514
242 355 307 420 214
499 377 751 424 wassruoromr
774 378 862 424 rma.
914 357 916 361 ’

527 815 840 882 PERORATIO.

419 1066 643 1133 LECTORI
676 1066 977 1142 BENEVOLO

566 1233 802 1289 SALUTEM.

288 1468 537 1533 crearemur
562 1465 751 1532 GEORGII
774 1463 1126 1545 WASHINGTONII,

244 1577 408 1642 civitatum
438 1579 662 1642 foederatarum
689 1579 958 1643 Americauarum
988 1577 1127 1663 praesidis

243 1691 344 1776 primi,
360 1689 472 1767 vitam,
486 1688 579 1754 Latio
601 1672 762 1768 donatam,
778 1691 959 1754 mortalium
981 1689 1127 1754 omnium

240 1802 373 1888 primus,
398 1803 432 1865 in
454 1821 532 1865 usus
556 1797 764 1881 academicos,
787 1803 984 1867 scribendam
1006 1801 1125 1866 curavi.

243 1914 324 1979 Duae
339 1892 391 1978 me
407 1937 512 1978 causa
531 1915 572 1977 ad
590 1913 650 1978 hoc
668 1937 746 1999 opus
762 1917 906 1980 maxime
923 1913 1128 1999 impulerunt,

242 2040 289 2105 ut,
300 2031 427 2112 nempe,
442 2029 605 2090 clarissimi
620 2029 679 2091 viri
694 2029 760 2092 vita
775 2029 933 2092 latinitate
950 2028 1127 2107 donaretur,

243 2153 342 2225 utque
366 2140 405 2204 de
420 2141 538 2223 lingua
560 2141 686 2217 Latina,
703 2160 756 2233 me
777 2139 882 2224 ipsum
905 2139 947 2202 ad
968 2122 1046 2223 dpus
1064 2139 1129 2202 tale
1170 2152 1173 2157 '

243 2253 449 2335 accingendo,
465 2255 546 2316 bene
562 2273 723 2314 mererem.

289 2367 407 2439 Quam,
424 2383 506 2438 vero,
519 2364 612 2437 bene,
623 2373 655 2422 et
669 2361 800 2424 feliciter
826 2361 1017 2453 opusculum·-
1028 2359 1128 2425 hocce

243 2477 416 2561 perfectum
432 2474 481 2549 sit,
495 2473 548 2535 alii
560 2472 725 2555 judicent:
750 2473 810 2536 hoc
826 2474 953 2537 tantum
966 2475 1129 2540 verissime

244 2585 346 2650 dicere
366 2605 506 2668 possum,
521 2582 572 2646 me
588 2583 770 2668 scriptorem
786 2596 844 2647 aut
857 2584 974 2649 librum
991 2587 1128 2667 nullum,

244 2699 325 2763 inter
352 2695 563 2773 scribendum,
585 2691 799 2761 consuluisse:
832 2693 996 2781 quidquid,
1021 2700 1128 2782 igitur,

244 2811 361 2894 scripsi,
378 2811 559 2873 memoriter
575 2810 701 2873 tantum
717 2809 879 2894 protulisse
894 2811 961 2874 aio:

290 2924 466 2988 Doctorum
495 2923 624 2986 laudem
655 2933 779 3007 exopto,
807 2924 1015 3002 indoctorum,
1043 2931 1129 3001 vero,

245 3036 375 3126 laudem
391 3047 422 3097 et
437 3018 701 3119 uituperationem
712 3036 809 3120 juxta
824 3037 955 3098 aestimo.
996 3035 1066 3097 Hoc
1081 3055 1130 3097 so·

246 3148 315 3212 lum
340 3148 457 3226 dicam,
479 3170 540 3226 me,
569 3148 608 3210 de
633 3148 799 3211 literatura
826 3123 1022 3211 American&
1046 3145 1129 3211 bene

248 3261 359 3324 mereri
374 3261 509 3323 voluisse
523 3283 530 3338 3
555 3260 680 3336 tirones,
693 3266 792 3343 porro,
803 3270 835 3320 et
847 3254 996 3332 indoctos,
1009 3257 1130 3320 labores

279 3468 289 3502 1
307 3461 458 3519 celeberrimi,
470 3462 519 3519 dfe,
530 3461 545 3485 ‘⁴
551 3458 570 3518 Ι,
581 3457 632 3506 first
641 3457 669 3507 cs
679 3457 711 3509 all
721 3472 784 3517 meu,
794 3456 855 3505 have
871 3454 944 3504 taken
954 3469 1008 3502 care
1023 3455 1075 3504 that
1089 3454 1130 3504 the

248 3537 288 3587 life
298 3536 325 3585 of
336 3537 375 3585 the
390 3540 455 3585 most
468 3533 601 3582 celebrated
611 3534 707 3599 George
716 3531 887 3596 Washington,
899 3530 952 3580 first
966 3530 1087 3595 president
1101 3530 1130 3581 ol

248 3615 288 3663 the
297 3610 387 3661 United
398 3613 477 3658 States
484 3607 512 3657 of
518 3608 637 3671 Ameriae,
649 3609 772 3675 presented
783 3607 841 3658 with
850 3606 948 3657 Ledam
960 3607 1063 3670 (elothed
1072 3607 1131 3659 with

249 3689 367 3754 Latinity)
379 3687 413 3736 sor
422 3686 462 3734 the
472 3701 516 3734 use
525 3685 555 3736 ot‘
564 3686 719 3750 universities,
730 3685 815 3736 should
824 3687 855 3736 be
864 3683 980 3736 writtem’
