2594 4514
245 403 306 468 18⁸
501 420 756 475 wrenrnnromr·
777 431 865 477 vira.

408 994 542 1056 CAPUT
566 995 754 1057 DECIMUM
778 997 956 1058 SEXTUM.

239 1186 365 1242 Homines
376 1190 489 1255 irionem
502 1192 546 1261 qai
557 1192 701 1262 reipublice
711 1193 799 1246 mania
811 1195 909 1258 obeant,
919 1195 1015 1264 delegit
1029 1166 1123 1250 wat
1224 1220 1235 1235 ·

273 1272 613 1342 ingtonius.-Lincolnius,
628 1277 753 1343 Gnffinaa
772 1286 797 1329 et
816 1278 989 1348 Hominem,
1002 1280 1047 1349 qai
1065 1299 1123 1334 cam

273 1356 349 1410 Indis
361 1367 477 1428 agerent,
492 1356 510 1411 ri
526 1359 723 1428 Waalingtonio
741 1360 816 1412 missi
835 1363 1045 1417 sunt—Foedus
1065 1383 1123 1418 cam

272 1441 349 1493 Indis
361 1443 440 1494 ictam
453 1443 612 1494 cst-Alios
624 1444 705 1495 Indos
716 1442 781 1495 Dua
799 1443 896 1514 Wayne
911 1449 1123 1516 caperat-Pan

272 1523 314 1576 tia
326 1543 384 1577 cam
400 1526 471 1578 laedis
483 1543 581 1595 qaoque
592 1525 670 1595 facta
683 1527 894 1582 esa—Domina
905 1531 967 1600 Jay,
980 1533 1024 1600 qui
1033 1551 1123 1602 pacem

272 1625 331 1659 cam
346 1609 531 1676 Hispaniarum
549 1627 611 1678 rege
628 1611 784 1675 conciliaret,
797 1612 920 1666 dimissas
937 1615 1063 1667 est—Re
1081 1616 1122 1668 in·

272 1689 351 1756 fecta,
364 1693 466 1743 domam
477 1692 751 1762 redit-Disceptatio
763 1695 841 1764 longa
853 1696 921 1750 inter
931 1698 1045 1766 legatum
1057 1699 1122 1750 His-

270 1776 419 1844 panienaem
439 1776 629 1845 Prouidemque
647 1778 957 1833 meritonam-Malli
975 1783 1007 1834 de
1025 1782 1122 1835 mnibus

271 1860 435 1912 Americanis
446 1861 514 1912 malo
526 1862 554 1912 in
566 1862 709 1914 Prasidem
721 1864 806 1916 animo
818 1873 888 1929 sunt,
901 1875 926 1918 et
941 1867 976 1919 ad
989 1866 1122 1936 Hispanos

271 1960 328 1997 sese
341 1944 488 2014 defecturos
499 1946 641 1999 minantur.

281 2112 453 2186 Quantum
469 2113 599 2175 utilitati
613 2114 773 2175 communi
789 2114 936 2197 profuerit
948 2115 1121 2197 Washiug·
1151 2114 1153 2119 ’

235 2221 360 2301 tonius,
377 2235 592 2306 quantamque
617 2223 812 2299 Americam,
835 2243 876 2284 ex
902 2223 1025 2300 humili,
1050 2226 1121 2287 reli-

234 2337 347 2418 querit,
363 2336 396 2397 in
412 2336 519 2419 primis
541 2335 609 2417 ejus
633 2344 689 2409 est,
706 2334 760 2414 qui
782 2333 824 2395 ad
847 2334 968 2417 “patris
992 2337 1120 2418 patriae”

233 2447 334 2509 vitam
362 2445 558 2507 scribendam
587 2444 774 2524 accingitur.
834 2445 953 2508 Muniis
978 2447 1121 2511 civilibus

234 2559 381 2621 omnibus
393 2559 415 2621 a
429 2558 609 2639 Congressu
625 2557 813 2634 constitutis
823 2557 966 2621 homines
982 2560 1119 2640 idoneos,

233 2671 287 2756 qui
302 2672 413 2734 munia
430 2692 468 2732 ea
482 2672 505 2735 a
521 2671 703 2752 Congressu
718 2670 894 2753 praescripta
910 2670 1040 2737 fideliter
1055 2676 1120 2738 obi-

233 2796 314 2862 rent,
338 2782 502 2865 designare
525 2781 663 2867 praesidis
685 2782 754 2845 suit.
802 2782 959 2847 Homines
980 2786 1118 2866 idoneos,

232 2897 288 2980 qui
311 2895 535 2979 rempublicam
551 2897 636 2958 recte
649 2895 834 2977 integreque
852 2895 1117 2976 administrarent,

233 3011 374 3092 seligere,
390 3008 546 3090 simulque
569 3029 622 3070 eos
646 3018 798 3090 potestate
825 3009 952 3087 donare,
967 3011 1117 3092 imprimis

233 3122 369 3184 arduum
392 3132 479 3199 erat;
504 3121 589 3197 hoc,¹
612 3132 731 3196 autem,
757 3120 791 3182 in
814 3120 938 3182 delectu
961 3120 1117 3199 faciendo,

233 3235 273 3298 ab
288 3235 345 3310 ira,
361 3234 441 3310 odio,
458 3234 609 3309 amicitia,
626 3244 658 3294 et
672 3232 845 3295 inimicitiis
860 3233 985 3315 penitus
995 3253 1117 3296 vacuus

232 3348 295 3412 fuit
309 3346 544 3426 Washingtonii
563 3345 699 3407 animus.

278 3459 340 3523 His
368 3468 415 3519 tot
440 3457 597 3537 tantisque
623 3454 857 3519 difficultatibus
884 3453 1117 3521 circumventus

265 3644 275 3680 ι
290 3637 349 3696 Hoc,
361 3637 410 3695 qe,
422 3634 485 3681 “but
498 3631 524 3680 in
541 3631 641 3696 making
656 3631 704 3680 this
719 3627 831 3678 selection
840 3627 869 3678 of
879 3628 978 3691 officere,
989 3630 1029 3680 the
1037 3632 1118 3684 breast

234 3713 264 3765 oi
274 3712 439 3777 Washington
448 3725 501 3759 was
510 3709 559 3759 free
570 3707 629 3758 from
638 3710 735 3773 anger,”
745 3707 789 3756 &a
