2594 4514
249 380 299 449 dd
505 402 754 451 wrsnmcrorur
776 401 876 451 erre:

250 546 407 633 nipulum,
421 546 461 611 ad
475 547 592 628 locum,
604 557 668 633 quo
683 551 750 614 dux
763 552 826 615 Lee
842 550 945 635 copias
957 551 1123 635 perducere

249 679 372 744 prorsus
396 662 559 741 abnuerat,
585 665 604 727 e
629 664 762 746 vestigio
787 663 926 727 deduxit.
972 665 1039 727 Sub
1065 664 1125 728 hoc

250 781 385 863 tempus,
399 774 635 857 Washingtonii
651 776 815 854 exercitus,
832 776 1126 860 septentrionalium

250 870 410 968 dopiarum
431 888 622 966 accessione,
644 889 875 972 aliquantulum
898 888 1055 951 adauctus
1076 891 1126 952 fir-

249 1005 426 1079 metusque.

293 1108 460 1175 Exercitus
469 1112 682 1177 Americanus
694 1114 763 1197 jem
775 1134 816 1176 ex
826 1123 945 1199 septem
958 1111 1127 1176 hominum

249 1219 390 1284 millibus
408 1225 589 1302 constabat,
613 1226 681 1302 etsi,
701 1224 777 1288 dum
800 1245 868 1287 sese
889 1244 947 1308 per
966 1223 1127 1287 Caesareas

249 1333 423 1418 reciperent
436 1336 628 1413 Americani,
644 1336 732 1398 istius
747 1336 869 1398 numeri
883 1338 947 1399 fere
963 1355 1129 1418 nunquam

249 1443 417 1510 dimidium
440 1448 618 1530 exaequavit
637 1468 748 1510 eorum
770 1447 934 1511 exercitus.
980 1447 1129 1512 Flumine

249 1554 1127 1644 Delewareinterposito,duoexereitussejungebantur.

250 1666 404 1747 Britones,
420 1671 512 1733 rebus
536 1670 683 1734 secundis
705 1671 790 1749 elati,
816 1672 920 1756 copies
946 1693 999 1757 per
1023 1674 1130 1737 omnia

249 1781 314 1844 fere
342 1782 455 1866 oppida
484 1794 516 1846 et
544 1784 720 1868 municipia
753 1785 904 1848 Caesareae
925 1766 1128 1863 distraxere,

249 1894 363 1979 quippe
378 1896 432 1978 qui
447 1887 761 1978 inPennsylv‘eniam
783 1896 962 1982 propediem
978 1898 1129 1982 trajicere,

250 1999 344 2098 ponte
360 2009 497 2092 glaciali,
514 2010 723 2075 confidebant.

296 2123 440 2196 Quorum
463 2122 503 2185 de
518 2123 580 2184 situ
594 2134 626 2185 et
646 2123 850 2186 multitudine
872 2122 968 2186 simul
988 2143 1026 2185 ac
1048 2143 1132 2186 nun·

251 2231 319 2294 cius
330 2243 490 2315 acceptus,
498 2233 761 2313 Washingtonius
770 2232 887 2294 dixisse
897 2234 1004 2321 fertur,
1016 2239 1131 2296 “nunc

251 2341 319 2404 alas
334 2341 530 2424 praecidendi,
541 2340 620 2403 dum
636 2352 702 2403 tam
717 2342 783 2407 lete
799 2341 991 2419 dividuntur,
1008 2344 1131 2407 occasio
1227 2381 1250 2422 ς
1275 2385 1277 2388 -

250 2463 426 2536 opportune
440 2452 530 2515 nobis
544 2452 680 2514 oblata.”
726 2454 883 2528 Quocirca
897 2454 1015 2516 flumen
1035 2453 1132 2519 Dela·

250 2575 335 2627 ware
350 2553 457 2627 denuo
470 2563 621 2647 trajicere,
636 2563 806 2649 hostesque
821 2565 863 2628 ed
874 2566 977 2650 ripem
991 2566 1131 2630 fluminis

252 2676 386 2741 niteram
406 2677 537 2760 aggredi
551 2676 698 2741 decrevit
744 2678 864 2742 Mensis
878 2679 1061 2743 Decembris
1080 2679 1131 2742 die

250 2779 406 2875 vigesimo
433 2789 636 2872 quint0,'sub
661 2803 796 2869 noctem,
822 2792 987 2875 tripartito,
1012 2776 1132 2856 flumen

251 2904 438 2988 trajiciendi,
462 2904 627 2967 consilium
652 2906 735 2989 cepit
759 2906 968 2990 perfecitque:
993 2916 1025 2968 et
1046 2905 1132 2968 omni

253 3018 392 3081 exercitu
413 3017 469 3080 vix
490 3017 617 3081 tandem
639 3019 801 3101 egerrime
825 3018 1015 3094 transmisso,
1030 3017 1132 3101 bipar-

142 3138 155 3163 '·
253 3129 313 3194 tito
338 3150 455 3212 agmen
479 3130 622 3194 incedere
647 3131 751 3215 coepit,
775 3141 816 3207 et,
839 3130 984 3212 quamvis
1003 3128 1132 3192 diversis

253 3242 413 3306 itineribus
433 3242 474 3305 ad
488 3243 594 3306 hostes
616 3242 852 3319 contenderant,
866 3241 987 3318 eodem,
1010 3251 1130 3320 tamen,

255 3354 403 3438 temporis
427 3366 554 3438 puncto,
576 3376 686 3418 omnes
711 3356 744 3418 in
765 3353 1132 3436 hostiumconspectum

254 3471 381 3533 venere.
426 3467 497 3532 Etsi
513 3468 587 3551 'jam
609 3469 703 3552 plene
725 3466 929 3543 lucescebat¹
951 3464 1068 3544 hostes,
1083 3476 1132 3529 ta-

285 3712 310 3733 ·-
333 3685 1054 3768 sumewitvudsyrigupmmpmuveu-
