2594 4514
446 202 459 232 ἱ

194 380 238 448 00
453 399 703 446 wreuneoromr
726 398 815 451 nro.

470 957 604 1020 CAPUT
622 954 800 1018 sextium.

198 1150 414 1235 Ticonderogo'cb
422 1155 547 1209 Amoldio
560 1163 709 1226 expugnato
720 1153 938 1207 ecc-Canariam
947 1150 1076 1217 incedere,

229 1239 334 1292 ducibus
352 1238 479 1309 &chester
497 1248 523 1293 et
542 1238 733 1308 Mammam,
754 1237 920 1307 congressos
938 1237 1078 1289 atomio.-

227 1323 319 1378 Morbo
331 1324 421 1377 ducem
435 1323 563 1392 Sciruyler
580 1322 611 1374 ab
631 1322 746 1374 coercita
764 1321 883 1374 decedere
902 1330 1017 1390 cogente,
1029 1322 1078 1375 im·

226 1409 327 1477 perium
343 1410 378 1461 cd
395 1408 578 1476 Montgomery
591 1404 866 1472 devonia-Oppidum
880 1405 980 1458 Montio
1000 1405 1079 1475 Regii

228 1491 560 1561 coptumect.-Acnoldiuo
568 1488 653 1557 copias
661 1489 688 1540 in
696 1487 829 1540 Garadum
832 1506 882 1557 per
890 1490 1076 1542 decertaducc't.

228 1575 360 1627 -Urbem
386 1574 486 1638 Quebec
511 1589 659 1640 expugnare
683 1580 809 1623 conantur
832 1573 910 1625 duces
930 1573 1080 1627 Americcoi

229 1656 413 1726 Montgomery
428 1665 454 1708 et
472 1653 820 1722 timidiora-Interfector
834 1663 873 1707 eet
888 1655 1079 1725 Montgomery‚

229 1741 428 1810 Americonique
449 1741 483 1792 ad
502 1739 656 1793 deditionem
676 1739 763 1792 adacti
781 1738 973 1792 sanc-Doce
991 1739 1079 1794 Mont-

227 1842 337 1895 gomery
349 1825 469 1894 elogium.

238 1992 501 2071 Wrsumerorur
518 1994 620 2056 vitam
642 1992 821 2077 legentibus
839 1991 970 2055 forsitan
990 1990 1079 2054 haud

194 2105 365 2190 ingratum,
373 2108 512 2185 fecerim,
519 2108 545 2171 ei
552 2106 706 2190 quomodo
716 2128 764 2168 res
773 2105 968 2168 Americance
978 2103 1080 2167 diver-

195 2219 237 2282 sio
260 2220 295 2282 in
318 2221 396 2282 locis
419 2241 488 2281 sese
512 2219 702 2296 habuerint3
726 2238 858 2300 quaeque
883 2219 923 2280 ab
946 2216 1078 2280 ducibus

197 2329 268 2392 aliis
288 2334 445 2393 exercitiis
464 2328 606 2392 foederati
628 2340 719 2411 gesta
741 2334 813 2406 sint,
839 2329 962 2413 paucis¹
983 2351 1079 2415 expe-

196 2440 295 2505 diam.
333 2440 559 2523 Ticonderoga‚
573 2442 651 2505 Maii
661 2441 777 2503 mensis
788 2441 839 2504 die
852 2440 982 2520 decimo,
994 2463 1079 2505 anno

198 2553 367 2617 millesimo
382 2554 657 2639 septingentesimo
672 2555 904 2639 septuagesimo
919 2557 1027 2639 quinto
1039 2557 1079 2618 ab

201 2666 327 2730 Christo
340 2669 464 2745 notua
485 2667 608 2730 tribuno
629 2667 763 2749 legionis
786 2668 936 2733 Amoldio
958 2690 1080 2754 expug-

198 2792 284 2844 nata.
331 2781 403 2845 Hoc
418 2781 692 2871 propugnaculum
707 2802 861 2865 magnum
886 2781 929 2845 ad
950 2782 1080 2846 lacuum

199 2895 326 2978 Georgii
338 2905 370 2957 et
384 2894 577 2979 Champlain
589 2895 799 2959 confluentem
812 2897 908 2959 situm
923 2905 981 2975 est,
996 2896 1080 2959 ideo-

198 3026 260 3090 que
276 3018 490 3071 commeatum
505 3007 631 3071 Novum
645 3008 822 3072 Eboracum
838 3010 919 3071 inter
929 3019 961 3069 et
975 3004 1080 3069 Cana-

201 3118 279 3182 dam
294 3130 388 3184 tenet.
435 3120 603 3185 Amoldius
618 3120 756 3199 secundo
771 3121 831 3183 hoc
850 3100 953 3203 praelio
968 3117 1080 3197 elutus,

202 3230 244 3294 od
256 3231 467 3314 congressum
475 3234 593 3311 literas,
606 3232 761 3316 inquibus
773 3231 966 3314 provinciam
982 3239 1082 3293 totam

204 3342 430 3409 Onnadensem
440 3344 560 3409 duobus
572 3345 740 3408 hominum
754 3342 890 3406 millibus
905 3363 973 3405 sese
988 3363 1082 3428 paca-

234 3565 244 3603 1
259 3557 353 3617 Poooc‘e,
364 3554 409 3604 “in
416 3553 461 3605 few
466 3556 567 3618 worda,”
576 3557 669 3622 briefly:
682 3555 737 3605 thus
744 3553 861 3614 Terence,
872 3524 972 3617 “peuce'c
982 3559 1003 3602 te
1012 3553 1083 3616 coioss’

202 3634 256 3687 thot
264 3634 293 3697 io,
304 3635 372 3683 “oolo
383 3634 487 3700 (alioqu)
497 3641 518 3685 te
530 3635 576 3700 (io)
582 3637 664 3700 pececic
673 3634 791 3697 (ww)
800 3633 836 3683 “1
839 3633 898 3684 wiri
908 3638 929 3683 to
939 3633 1007 3697 specle
1016 3649 1030 3682 c
1033 3633 1083 3697 seco

203 3715 279 3765 noar
288 3713 347 3764 witi
353 3715 419 3778 W
