2594 4514
1066 107 1172 221 *aff*
1215 54 1288 217 'ff

1169 234 1177 275 ι·
1236 226 1287 279 i.

237 393 300 457 190
496 407 746 460 wreurrreromr
770 409 859 461 virt.
1167 380 1172 389 ⁸
1209 396 1231 423 ⁸*
1250 383 1268 417 ⁴

236 576 347 619 omnes
366 559 431 621 ferd
447 558 583 636 novere3
609 570 641 621 at
655 559 732 642 quid
746 559 784 623 de
799 559 844 622 eis
859 557 985 635 sentiat,
1001 550 1116 640 quidve

235 668 432 753 potissimum
462 669 572 733 laudet
599 671 744 754 culpetve
771 670 909 754 Scriptor
936 670 1010 732 vitre
1037 670 1118 753 ejus,

235 779 344 843 lectori
359 782 510 844 benevolo
525 782 762 866 explicandum.

280 893 350 971 Ubi,
374 893 468 970 enim,
490 896 581 977 plura
603 895 636 957 in
658 893 895 976 Washingtonii
916 893 983 956 vita
1004 893 1118 970 nitent,

236 1006 372 1068 maculis
393 1007 515 1089 paucis,
539 1007 636 1089 siquoe
657 1006 807 1082 existant,
831 1004 944 1068 offendi
966 1005 1117 1066 lectorem

237 1138 300 1180 non
316 1130 443 1201 oportet.
490 1120 618 1182 Munia¹
633 1119 745 1195 multa,
762 1129 829 1180 tam
845 1117 1003 1194 militaria,
1019 1119 1120 1199 quam

238 1230 351 1307 civilia,
377 1242 460 1308 ante,
484 1232 592 1307 etiam,
619 1233 718 1312 quam
748 1230 868 1292 bellum
891 1229 1119 1292 Americanum

238 1353 380 1426 creptum
395 1355 473 1419 erat,
490 1346 619 1407 summa
634 1363 707 1404 cum
721 1342 819 1406 laude
835 1342 932 1405 obivit
946 1334 1120 1423 Washing-

237 1455 345 1517 tonius
357 1477 365 1531 ;
384 1456 489 1517 Herde
502 1465 606 1515 nostro
619 1473 696 1516 usus
708 1465 757 1516 est
768 1454 889 1536 legato²
902 1452 1120 1517 Braddockius

238 1567 436 1643 fortissimus,
451 1566 588 1627 infausto
603 1565 656 1628 illo
671 1566 785 1649 pralio,
799 1587 862 1648 quo
876 1565 943 1629 dux
958 1566 1023 1650 ipse
1040 1565 1121 1628 ceci-

238 1675 295 1754 dit,
312 1699 443 1761 parsque
458 1678 614 1745 exercitlls
636 1679 781 1740 maxima
801 1700 903 1756 caesa;
927 1679 1058 1760 reliqua,
1074 1689 1122 1740 ta-

238 1809 323 1867 men,
335 1811 417 1874 pars,
425 1790 660 1872 Washingtonii
673 1792 851 1874 vigilantia,
860 1791 1123 1876 prudentiamn-

239 1903 317 1980 silio,
344 1915 376 1966 et
399 1904 523 1983 virtute,
547 1904 679 1967 tandem
707 1906 870 1986 aegerrime
892 1905 953 1967 fuit
978 1915 1121 1967 servata:

239 2015 341 2098 quod⁸
360 2017 389 2079 si
404 2018 640 2099 Washingtonii
658 2018 786 2080 consilio
806 2017 1024 2081 Braddockius
1046 2037 1123 2079 usus

239 2131 342 2207 fucrit,
359 2130 482 2193 cladem
498 2143 631 2206 tantam,
645 2132 793 2212 profecto,
805 2129 855 2192 die
869 2129 939 2206 isto,
952 2150 1016 2191 non
1031 2148 1124 2190 acce·

239 2242 334 2325 pisset
349 2243 505 2304 exercitus
521 2241 734 2305 Britannicus.

286 2355 395 2427 Quum
418 2353 537 2414 bellum
561 2361 704 2432 apertum
730 2369 804 2410 cum
830 2349 992 2411 Britannis
1017 2369 1124 2431 gerere

239 2463 427 2525 necessitate
459 2461 530 2524 dire
561 2470 747 2541 cogerentur
776 2459 968 2537 Americani,
998 2482 1125 2526 summo

240 2594 396 2639 consensu
412 2573 565 2649 omnium,
581 2592 715 2654 quorum
730 2572 882 2649 interfuit,
899 2573 953 2655 qui
972 2576 1125 2639 exercitui

241 2687 433 2753 Americano
456 2697 610 2770 praesset,
626 2685 748 2748 electus
768 2686 829 2748 fuit
851 2686 1124 2770 Washingtonius.

241 2803 421 2878 Summam,
436 2799 534 2876 enim,
547 2799 707 2875 virtutem,
724 2798 902 2876 consilium,
915 2801 1125 2884 prudentiam,

242 2926 274 2978 et
288 2914 363 2976 belli
377 2912 519 2976 usumin
534 2933 570 2974 eo
583 2932 662 2987 esse,
674 2907 888 2992 cognoverant
901 2934 1009 2975 omnes
1022 2935 1030 2989 ;
1047 2916 1125 2990 und,

243 3027 362 3108 itaque,
379 3047 466 3102 voce,
478 3025 645 3108 imperator
661 3043 806 3087 summus
821 3026 843 3087 a
860 3024 1038 3106 Congressu
1053 3043 1126 3085 con·

240 3127 373 3201 'stitutus
386 3140 456 3201 fuit.

276 3270 285 3303 1
300 3263 393 3321 Mrrnla,
404 3265 419 3289 “
427 3261 591 3324 Washington
602 3260 733 3326 performed
743 3275 817 3322 many
826 3258 915 3319 offices,
923 3275 951 3306 es
961 3257 1015 3306 well
1025 3258 1127 3324 military

245 3355 274 3387 as
284 3337 345 3397 civil,
356 3353 415 3385 even
425 3336 504 3386 before
513 3338 553 3386 the
564 3336 692 3386 American
702 3353 753 3386 war
762 3352 814 3384 was
824 3337 912 3399 begun,
920 3334 978 3385 with
987 3335 1027 3384 the
1037 3338 1128 3386 utmosl

245 3412 458 3466 commendatoria

277 3501 289 3536 a
303 3493 396 3553 Legata,
408 3492 456 3537 “as
466 3489 554 3538 second
564 3487 588 3537 in
598 3489 725 3539 command
732 3493 756 3552 ;”
771 3487 806 3538 for
814 3488 844 3536 he
854 3502 905 3535 was
915 3484 953 3534 his
963 3485 1008 3536 aid.

277 3575 288 3612 t
305 3568 380 3628 Quod,
393 3569 442 3626 lfa,
453 3567 516 3613 “but
525 3564 546 3612 if
556 3565 682 3616 Breddoclr
691 3565 739 3615 had
747 3563 853 3614 followed
863 3563 904 3612 the
912 3561 994 3612 advice
1001 3561 1029 3614 ol‘
1033 3564 1126 3614 Wash-

246 3650 337 3712 ington,
348 3645 387 3693 the
402 3642 489 3692 British
504 3641 655 3692 detschment
668 3642 748 3692 would
762 3647 811 3702 not,
827 3639 921 3702 indeed,
935 3640 996 3692 have
1011 3641 1126 3705 received,

247 3741 280 3774 on
289 3725 341 3774 thet
350 3721 405 3786 day,
419 3719 470 3783 (ath
479 3718 545 3783 luly,
558 3721 635 3785 trra)
648 3735 675 3770 so
685 3726 777 3786 grente
788 3717 971 3769 discomfiture.”
